3516 5236
800 251 1024 334 ..'15-

241 471 345 540 domo
376 468 433 535 vix
470 484 640 552 pressam,
679 463 776 542 „sibi
812 463 1009 540 obstare“‚
1049 441 1128 530 curn
1165 480 1233 530 uno
1269 463 1460 549 eodemque
1494 464 1581 530 tecto

242 578 355 646 iuncta
380 577 423 657 (ν.
443 578 498 660 24)
524 576 626 659 ponte
651 575 827 658 praeterea
843 570 1089 647 contineantur,
1115 589 1158 638 ne
1183 569 1283 637 undis
1300 569 1505 637 divellantur
1528 569 1583 636 hic

243 685 308 752 illic
333 685 502 751 cenantes.

349 917 379 963 v.
406 901 465 964 62:
505 898 565 974 „et
594 912 699 963 nunc
727 895 923 982 ignarae“
955 893 1156 979 (Heinsius).
1209 892 1245 960 ln
1274 894 1419 979 longum
1449 891 1583 959 duravit

243 1005 346 1073 arbos
384 1021 565 1091 generosa,
602 1002 655 1070 cui
695 1001 875 1089 „ignarae“
914 1002 1076 1069 moritura
1086 1002 1107 1086 ¹)
1143 999 1197 1068 vel
1238 999 1322 1068 Nais
1360 999 1490 1067 lubrica
1527 999 1582 1065 vel

245 1111 462 1196 Hamadryas
486 1127 596 1178 annos
621 1127 680 1194 per
703 1107 891 1193 Vopiscum
916 1125 985 1175 non
1009 1107 1172 1193 abruptos
1196 1107 1319 1175 demet.

350 1249 494 1320 Statium
520 1253 675 1320 consulto
693 1251 821 1320 Naides
845 1254 877 1319 et
894 1250 1157 1336 Hamadryades
1173 1248 1369 1318 contudisse
1392 1249 1479 1316 inter
1494 1267 1582 1326 sese,

244 1363 449 1448 quapropter
473 1359 666 1427 coniectura
692 1359 888 1444 „ignoro“
915 1358 1099 1426 commoda
1123 1360 1223 1435 esset,
1247 1357 1301 1424 vel
1326 1357 1473 1425 illusisse
1498 1356 1583 1423 indi·

243 1467 405 1555 ligentiac
428 1466 484 1533 tali
511 1463 674 1550 Propertii
705 1466 901 1534 auctoritate
926 1465 1054 1552 vigenti
1083 1463 1136 1550 (ci.
1154 1464 1278 1532 Vollm.
1302 1481 1426 1532 comm.
1450 1463 1461 1531 l
1485 1469 1515 1540 3,
1541 1467 1582 1532 62

246 1593 324 1662 pag.
344 1580 407 1641 275
425 1577 489 1659 sq.)
506 1591 575 1641 non
601 1573 682 1639 milri
700 1573 833 1639 videtur
848 1570 1033 1657 probabile.
1070 1571 1279 1640 Matritensis
1295 1588 1377 1638 vero
1397 1571 1426 1650 „i
1432 1579 1581 1658 gnaro“

246 1681 328 1765 (scil.
356 1680 506 1758 domino,
530 1679 693 1764 Vopisco)
718 1680 1000 1765 coniectoresque
1027 1678 1242 1765 „ignavos“
1270 1679 1406 1764 (annos)
1439 1680 1472 1745 et
1504 1677 1584 1755 „in-

245 1791 397 1857 tactae‘
425 1786 495 1870 (tibi
521 1786 633 1872 debet)
657 1785 810 1854 funditus
834 1786 981 1873 exagito.

353 2021 383 2068 v.
399 2008 442 2069 68
458 2018 546 2086 sqq:
581 2000 725 2068 Miratur
742 1998 904 2086 Papinius
921 2000 1086 2068 Marciam
1096 1999 1120 2085 ²)
1145 1999 1266 2067 audaci
1283 1999 1423 2085 plumbo
1439 1998 1585 2068 flumina

245 2111 546 2184 transcurrentem;
574 2115 657 2185 „an“
685 2108 796 2176 solum
814 2106 920 2176 Elidis
944 2125 1082 2174 amnem
1104 2107 1206 2175 loniis
1222 2106 1286 2175 sub
1302 2105 1460 2175 fluctibus
1477 2106 1585 2175 dulcis

247 2215 369 2284 semita
393 2215 563 2283 Aetnaeos
588 2214 630 2281 ad
655 2215 774 2299 portus
798 2213 966 2281 deducat?

354 2310 405 2406 De
430 2356 464 2406 re
489 2339 563 2423 ipsa
587 2338 626 2406 ct.
652 2338 663 2405 l
690 2344 718 2416 2,
746 2344 808 2405 203
833 2357 905 2425 sqq.
953 2338 1047 2426 Virg.
1065 2338 1149 2407 Aen.
1168 2338 1206 2406 lll
1230 2343 1296 2408 694
1320 2357 1392 2426 sqq.

355 2460 519 2532 Semitam
545 2465 678 2531 dulcem
704 2464 789 2531 mari
815 2481 934 2532 amaro
960 2463 1012 2549 (ci.
1039 2463 1063 2531 ll
1090 2469 1119 2542 2,
1148 2471 1187 2531 18
1211 2467 1275 2550 sq.)
1306 2464 1431 2550 opponi
1461 2462 1585 2531 debere

247 2588 349 2658 nego,
374 2589 478 2658 quare
501 2573 572 2639 tota
595 2570 805 2656 comparatio
830 2570 1048 2648 subvertitur;
1085 2572 1208 2639 semita
1243 2571 1373 2639 dulcis
1410 2573 1471 2648 est,
1506 2570 1586 2656 quia

250 2681 421 2764 „grata“‚
447 2681 482 2745 ut
506 2677 688 2745 audiamus
704 2675 904 2756 Domitium,
932 2678 1122 2764 „Alplreum
1147 2679 1190 2746 ad
1206 2678 1412 2747 Arethusam
1437 2676 1583 2745 amicam

247 2785 507 2852 contendentem
533 2784 703 2853 deduxit.“

355 3018 386 3065 v.
417 3006 475 3066 81:
525 2997 674 3076 „bifera
709 2998 866 3068 Alcinoi
907 3000 1110 3086 pomaria“
1151 2996 1279 3068 Statius
1314 2999 1451 3084 Vopisci
1486 3007 1586 3069 vocat

249 3105 376 3183 hortos
401 3107 481 3192 quia
505 3103 648 3192 eidem³l
673 3105 725 3174 bis
749 3108 835 3174 intra
860 3125 989 3175 annum
1013 3108 1095 3175 dant
1117 3105 1246 3194 fruges

356 3339 386 3386 v.
416 3326 492 3387 103:
539 3317 651 3389 Satira
678 3321 779 3408 nigra
808 3320 963 3406 rubigine
991 3320 1101 3389 livens
1128 3320 1395 3407 „turbatur“⁴)
1432 3320 1586 3406 (rubente

249 3425 300 3493 ira
335 3444 500 3496 accensus
534 3426 650 3506 fervet,
690 3428 747 3514 qui
788 3429 974 3514 componit)
1014 3427 1136 3496 eodem
1176 3429 1291 3505 modo,
1331 3445 1399 3514 quo
1438 3428 1585 3513 epistula

252 3532 544 3618 „splendescit‘
571 3535 638 3602 alia
662 3552 744 3603 cura
767 3553 837 3604 non
861 3537 994 3620 reperta
1016 3538 1074 3603 ant
1101 3553 1209 3622 „quae
1233 3536 1315 3619 (scil.
1337 3535 1494 3622 epistula)
1519 3534 1586 3602 alia

146 3671 149 3679 ’
248 3657 340 3718 cura,
377 3641 441 3708 nisi
476 3659 564 3727 quae
600 3641 850 3727 epistolarem“‚
888 3643 923 3709 ut
959 3641 1003 3710 ait
1027 3641 1141 3726 Barth,
1181 3642 1316 3720 „stilum
1352 3641 1479 3719 deceat,
1516 3659 1586 3710 non

248 3745 466 3815 detrahitur.“

360 3891 551 3968 „Turbes“
579 3919 620 3949 =
644 3892 813 3961 turbatam
840 3893 1006 3979 (satiram)
1032 3892 1128 3961 edas:
1156 3892 1316 3961 Vollmer.

356 4302 379 4370 ¹)
398 4299 431 4357 ct.
451 4298 506 4360 Ov.
524 4301 588 4356 Met
609 4301 662 4358 Vlll
681 4304 733 4360 769
752 4316 812 4370 sqq.
1347 4367 1352 4376 Ι

355 4389 379 4458 ²)
398 4389 430 4450 ct.
450 4406 476 4445 v.
495 4390 522 4444 ll.
542 4405 565 4446 c.
585 4392 620 4445 66
638 4406 684 4460 sq;
710 4389 728 4455 l,
748 4395 772 4455 3,
792 4392 828 4445 66
846 4405 887 4459 sq.
925 4390 992 4447 Plin.
1017 4391 1079 4447 Nat.
1099 4390 1161 4446 hist.
1180 4389 1266 4444 xxxl
1286 4394 1328 4444 24.
1371 4387 1461 4445 Strab.
1481 4387 1583 4461 Geogr.

249 4477 318 4542 Vs,
338 4481 433 4635 2ἔλειῐ.
453 4569 534 4625 Hom.
554 4586 574 4650 η
590 4574 644 4624 lll
664 4583 724 4637 sqq.

357 4659 379 4728 ⁴)
398 4658 432 4714 ct.
451 4658 542 4724 Barth,
562 4658 652 4715 Anim.
673 4674 697 4715 a.
716 4656 794 4714 Statii
813 4655 905 4713 Silv.l
923 4662 948 4724 3,
971 4663 1020 4714 loa
1038 4671 1080 4726 sq.
