3530 5242
852 331 1052 391 ,7-

282 522 434 606 prelatio,
464 540 532 608 quo
562 522 671 591 nitore
701 539 788 608 quae
811 522 884 589 vult
913 525 945 589 et
972 541 1061 610 quae
1085 523 1185 591 sentit
1212 522 1337 592 iudicia
1361 526 1393 590 et
1417 527 1621 611 argumenta

283 626 457 712 Papinius
475 629 625 697 instituta
649 631 751 714 atque
775 629 942 696 adornata
965 629 1040 697 sint.
1094 628 1288 698 Peccaverit
1313 631 1368 699 hic
1391 631 1458 700 illic
1481 629 1621 704 Statius,

281 775 325 781 -
349 753 436 820 pons
461 739 522 814 est,
547 753 616 824 quo
640 735 786 804 rescisso
816 735 987 823 plerisque
1016 737 1185 807 universis
1220 738 1312 806 illius
1340 739 1459 808 aetatis
1491 741 1620 808 ratione

278 845 313 932 et
337 843 491 912 moribus
515 843 787 920 intercludimur;
824 843 951 930 optime
979 845 1102 912 memit
1126 844 1169 912 de
1192 848 1263 913 tota
1286 847 1473 917 litterarum
1499 864 1620 914 monu-

280 950 418 1018 mentis!
473 949 632 1019 Flaccum
676 949 795 1036 igitur,
830 949 1027 1029 Maronem,
1064 951 1240 1020 Nasonem
1277 953 1427 1020 imitatus
1463 954 1622 1041 quamvis

281 1056 442 1135 elatione,
479 1057 670 1135 altitudine,
712 1056 869 1134 artificio,
912 1058 1084 1144 elegantia
1119 1076 1224 1144 saepe
1258 1058 1384 1128 teratur
1423 1061 1457 1126 in
1497 1060 1619 1136 maius,

281 1163 422 1231 minime
457 1164 556 1232 debet
583 1165 731 1233 incusari
763 1160 923 1251 Scythica
951 1165 1062 1252 glacie
1096 1164 1260 1252 frigidior.
1313 1167 1422 1235 lmmo
1450 1185 1532 1236 vero
1561 1168 1620 1235 ad·

281 1269 437 1338 miranda
450 1268 682 1340 Statianorum
694 1271 800 1340 flores
813 1289 853 1338 ac
865 1271 997 1339 lumina
1008 1273 1214 1342 carminum!
1237 1274 1439 1342 admiranda
1450 1273 1621 1353 facundia,

281 1377 485 1456 volubilitas,
510 1380 753 1447 sententiarum
773 1379 1024 1447 reconditamm
1042 1381 1219 1451 crebritasl
1266 1381 1346 1450 AcSi
1371 1399 1458 1469 quae
1482 1384 1621 1450 nostrae

282 1484 480 1571 cogitationi
504 1489 583 1554 sunt
607 1485 762 1564 obscura,
780 1525 824 1532 —
840 1484 950 1554 Roma
965 1487 1077 1555 locuta
1094 1491 1158 1556 est!
1185 1487 1436 1556 Permultorum
1461 1505 1620 1556 summus

284 1595 336 1658 est
370 1593 531 1677 splendor
566 1594 730 1671 locorum,
765 1593 846 1661 ielix
882 1597 914 1661 et
949 1594 1063 1663 audax
1093 1595 1257 1674 inventio,
1295 1596 1541 1681 pennultarum
1572 1595 1620 1663 in-

282 1699 466 1784 geniosum
491 1717 636 1768 acumen
661 1701 845 1769 dictionum
857 1701 892 1788 ¹),
928 1720 1038 1789 neque
1066 1701 1181 1780 miror,
1212 1703 1304 1789 quod
1336 1701 1499 1789 Papinius
1528 1701 1619 1769 haud

282 1806 415 1891 gregali
452 1808 625 1892 praeditus
661 1808 774 1876 indole
810 1810 910 1896 atque
950 1809 1148 1888 subtilitate,
1184 1809 1309 1877 teneris
1345 1809 1388 1877 ab
1426 1809 1621 1897 unguiculis

281 1912 448 1996 genitoris
472 1917 543 1982 arte
567 1914 718 1983 imbutus
742 1916 1012 2003 exercitatusque
1036 1918 1194 2003 exemplo
1224 1918 1292 1984 iam
1322 1916 1524 1984 adolescens
1547 1933 1620 1984 ver·

283 2016 378 2085 sibus
394 2020 532 2088 studuit.
581 2021 680 2108 Quae
695 2040 772 2090 cum
790 2023 1143 2110 adpropinquantibus
1157 2023 1314 2092 fortunae
1329 2022 1620 2092 vicissitudinibus

282 2125 428 2194 evadere
445 2128 577 2196 soleant
594 2147 740 2198 unacum
758 2129 898 2215 puerilis
915 2130 1019 2197 animi
1036 2129 1152 2198 habitu
1177 2133 1267 2198 sorte
1292 2134 1460 2207 contento,
1485 2129 1621 2198 arcanis

282 2234 427 2302 somniis
441 2235 598 2318 pertuso,
628 2232 757 2304 Statius
785 2236 888 2306 rebus
918 2239 950 2304 et
977 2237 1139 2306 secundis
1163 2240 1195 2305 et
1219 2238 1375 2306 adversis
1399 2255 1508 2324 usque
1532 2236 1620 2304 occi-

283 2340 417 2408 dentem
443 2343 605 2410 invitam
629 2347 766 2430 gratum
791 2362 928 2428 semper
952 2362 989 2412 se
1013 2345 1168 2430 praebuit
1191 2344 1302 2414 Musis
1326 2349 1358 2413 et
1382 2346 1550 2412 dilectum.

298 2523 301 2530 .
389 2464 524 2535 Placeat
540 2468 653 2555 igitur,
678 2487 755 2536 cum
773 2470 925 2536 carmina
941 2469 1074 2555 placent
1090 2471 1206 2538 nativo
1223 2471 1372 2556 quodam
1388 2470 1512 2545 colore,
1537 2485 1619 2534 vera

281 2573 370 2638 vitae
394 2573 556 2660 imagine,
582 2576 713 2661 placeat
736 2577 789 2642 vel
814 2575 888 2661 ipse
912 2580 1027 2662 poeta!

388 2697 452 2766 llic
487 2701 549 2768 etsi
579 2702 745 2769 nonnulla
773 2702 815 2769 de
847 2699 989 2787 Papinio
1019 2700 1127 2788 ips02)
1162 2703 1276 2789 paullo
1311 2702 1449 2769 uberius
1487 2701 1619 2769 adferre

282 2822 435 2887 possum,
471 2825 558 2893 quae
587 2826 664 2875 cum
694 2809 839 2876 aliorum
869 2808 964 2877 libris
991 2813 1063 2877 tum
1088 2806 1192 2878 Silvis
1220 2811 1389 2877 exstantia
1421 2808 1485 2877 sub
1510 2827 1615 2875 unum

281 2910 479 2996 adspectum
504 2913 656 2983 subiecta
679 2919 941 3002 cognoscantur,
972 2917 1130 2984 reticendi
1154 2920 1270 2985 tamen
1300 2921 1375 2985 utar
1406 2916 1546 2992 ratione,
1576 2932 1619 2981 ne

280 3018 345 3085 sim
370 3019 499 3107 longus
522 3040 609 3090 neve
632 3023 735 3091 nimis
759 3026 929 3092 accrescat
953 3025 1166 3109 opusculum.

387 3141 455 3213 Sed
481 3165 563 3216 cave
586 3148 741 3234 increpes
765 3168 821 3217 me
846 3151 939 3234 pacis
964 3153 995 3217 et
1019 3151 1221 3219 concordiae
1236 3153 1400 3235 tanquam
1419 3151 1615 3236 patronum:

281 3253 448 3336 exemplis
472 3273 560 3341 quae
585 3256 664 3333 dixi,
690 3257 855 3324 evincam.

386 3540 408 3608 ¹)
427 3539 461 3595 ci.
482 3541 530 3594 An
537 3558 562 3612 g.
583 3541 684 3597 Polit.
705 3541 741 3596 ad
760 3541 841 3597 Silv.:
864 3542 952 3606 „Nihil
971 3543 1000 3598 itt
1013 3540 1097 3597 Silvis
1116 3557 1172 3597 non
1192 3541 1371 3613 sagacissime
1390 3542 1540 3603 inventum,
1560 3554 1615 3594 non

278 3629 489 3696 prudentissime
507 3630 671 3700 dispositum
690 3634 741 3696 est,
760 3631 850 3687 nullus
869 3646 925 3687 non
944 3633 1065 3687 tentatus
1085 3631 1163 3686 locus
1181 3633 1263 3701 atque
1277 3645 1420 3693 excussus,
1440 3629 1513 3684 unde
1526 3628 1618 3698 aliqua

277 3718 361 3772 modo
380 3719 508 3788 voluptas
527 3719 678 3776 eliceretur.
717 3721 810 3791 ltaque
839 3722 868 3777 ut
896 3722 923 3775 in
942 3720 1084 3776 Thebaide
1109 3722 1191 3790 atque
1210 3719 1363 3776 Achilleide
1387 3719 1539 3775 secundum
1566 3717 1617 3772 sibi

276 3806 346 3862 inter
365 3807 407 3863 sui
426 3808 530 3864 ordinis
548 3812 646 3880 poetas
660 3825 712 3866 suo
726 3810 804 3882 quasi
824 3811 883 3866 iure
899 3812 989 3866 locum
1003 3810 1154 3872 vindicarit,
1174 3810 1250 3865 itain
1265 3809 1308 3864 his
1320 3807 1458 3864 Silvarum
1472 3805 1617 3876 poematis,

277 3895 377 3964 quibus
396 3897 463 3952 citra
482 3899 619 3954 aemulum
640 3900 739 3965 floruit,
763 3901 819 3955 tam
844 3916 875 3956 se
895 3901 953 3970 ipse
972 3902 1036 3971 post
1054 3902 1096 3955 se·
1104 3899 1220 3969 reliquit,
1244 3914 1326 3969 quam
1346 3898 1464 3954 eundem
1484 3895 1614 3966 Virgilius

277 3984 357 4040 Maro
376 3985 403 4040 in
423 3987 611 4057 superioribus
630 3989 818 4045 antecesserat
837 4033 843 4045 .
864 4033 870 4045 .
891 4031 923 4043 ..
962 3990 998 4046 Ut
1025 4004 1081 4045 non
1110 3989 1186 4044 ierim
1214 3989 1320 4044 inticias
1348 4002 1431 4058 posse
1460 3984 1561 4055 aliquid
1589 3985 1615 4038 in

276 4077 353 4131 tanta
371 4075 530 4136 Latinorum
550 4076 719 4147 supellectile
738 4079 861 4142 inveniri,
881 4078 955 4148 quod
974 4079 1017 4134 his
1040 4076 1177 4133 Silvarum
1201 4078 1298 4134 libellis
1318 4117 1430 4131 .....
1460 4073 1616 4131 antecellat:

277 4166 315 4219 ita
333 4165 398 4220 illud
417 4179 481 4220 meo
500 4167 578 4236 quasi
597 4166 655 4222 iure
674 4181 759 4237 posse
770 4167 868 4222 videor
880 4166 1004 4223 obtinere
1017 4167 1152 4223 eiusmodi
1171 4183 1233 4223 esse
1247 4169 1299 4222 bos
1312 4166 1426 4229 libellos,
1446 4164 1579 4235 quibus..
1593 4207 1616 4218 ..

277 4254 342 4310 nibil
362 4269 397 4310 ex
417 4255 491 4311 omni
512 4255 671 4312 Latinorum
692 4255 773 4326 copia
791 4256 977 4312 antetuleris“
998 4287 1033 4295 —
1052 4256 1086 4313 ct.
1105 4260 1190 4328 praet.
1210 4257 1235 4312 J.
1250 4257 1331 4327 Casp.
1346 4255 1476 4317 Gaevert,
1499 4253 1536 4308 M.
1551 4253 1615 4307 Ant.

277 4343 441 4410 Sabellicus,
460 4345 513 4400 Jul.
528 4344 633 4401 Caesar
651 4345 784 4415 Scaliger,
804 4345 837 4399 ll.
857 4345 892 4400 de
912 4343 1008 4411 (iroot,
1027 4346 1070 4402 Pr.
1084 4346 1214 4402 Vollmer.

383 4451 408 4523 2)
427 4452 460 4509 cl.
489 4452 510 4507 ll
536 4453 621 4523 prael.
650 4458 681 4508 21
714 4466 768 4520 sq:
800 4458 825 4516 2,
855 4454 880 4507 6.
930 4453 961 4508 lll
980 4459 1005 4519 5,
1034 4459 1069 4510 28
1096 4470 1166 4525 sqq..
1204 4458 1237 4509 78
1265 4469 1325 4524 sqq.
1359 4452 1394 4508 lV
1422 4457 1446 4515 2,
1475 4453 1509 4506 65
1540 4465 1615 4520 sqq.;

276 4548 301 4607 4,
315 4544 351 4601 69
363 4557 405 4612 sq.
441 4542 466 4598 V
479 4548 505 4608 ³,
525 4544 560 4597 ³6
573 4556 624 4611 sq,
638 4547 690 4597 225
703 4556 762 4611 sqq.
802 4543 844 4596 Pr.
855 4542 956 4608 Dubn,
975 4543 1049 4600 Nott.
1063 4544 1127 4609 litl.;
1147 4543 1227 4599 Dom.
1242 4542 1318 4599 Cald.
1334 4540 1401 4597 Silv.
1415 4543 1467 4606 ed,
1486 4539 1517 4594 R.
1534 4544 1614 4604 1475;

276 4632 309 4686 ll.
330 4633 364 4687 de
384 4630 485 4697 Groot;
505 4633 584 4688 Ferd.
599 4631 694 4696 lland;
714 4631 797 4688 Cocc.
817 4631 933 4698 Sabell.;
956 4633 1011 4690 Jer.
1031 4633 1190 4697 Markland;
1211 4633 1254 4688 Pr.
1268 4631 1390 4690 Vollmer
1409 4630 1449 4700 (P.
1465 4630 1530 4700 Pap.
1544 4627 1612 4684 Stat.
1672 4669 1675 4674 .

276 4719 344 4777 Silv.
364 4723 382 4776 l.
400 4721 484 4791 prael.
505 4726 598 4792 pag.2
618 4736 670 4790 sq..
694 4726 724 4776 15
744 4722 817 4791 sqq.)
837 4723 939 4791 quique
959 4724 1041 4779 ceteri
1060 4723 1152 4779 Silvas
1172 4723 1338 4778 adnotamnt
1357 4721 1406 4774 viri
1425 4720 1506 4775 docti.
