3516 5236
789 443 1011 513 ..53-

236 649 238 656 ·
376 640 458 708 ¹wie
484 641 544 708 der
567 640 643 707 Alm
669 639 729 708 des
753 640 900 708 nimmer
923 640 1100 728 besiegten
1124 640 1297 726 Kaisers‘
1434 655 1437 662 ·

393 747 581 814 semelem
605 745 689 814 Blitz
711 746 853 834 geiolgt,
878 747 938 815 der
960 743 1141 816 Sarmaten
1162 747 1315 835 fluchtg‘e
1538 757 1552 768 ''

249 909 257 934 ,
393 849 547 922 Stamme
571 856 689 942 streng
710 855 905 941 geheissen
929 855 962 922 in
986 855 1080 923 einer
1103 855 1246 943 einagen
1399 847 1400 850 ’

553 959 696 1052 (legend
722 981 763 1029 zu
789 963 930 1030 hausen.

394 1137 489 1207 Doch
515 1157 620 1207 zuvor
644 1140 774 1208 erleme
799 1139 859 1208 der
881 1140 1050 1228 lungling
1073 1140 1171 1208 deine

395 1245 515 1324 Kunst
537 1246 591 1313 die
616 1247 699 1315 alles
721 1248 815 1315 Alter
837 1248 897 1316 der
921 1247 1008 1316 Welt
1031 1246 1277 1316 durchlauiend

394 1353 456 1420 des
479 1350 609 1422 Sallust
631 1351 692 1424 Stil
717 1353 786 1422 und
811 1354 872 1423 des
896 1354 1190 1424 Timavussohnes

553 1461 587 1528 in
612 1461 682 1529 sich
707 1460 882 1549 vereinigt.

767 1709 1033 1718 ——-—-—---—----—-

435 1925 810 2024 llendecueyllabl
840 1929 897 2004 ad
928 1928 1126 2005 Plotium
1156 1926 1371 2021 Grypum.

846 2068 893 2136 lV
917 2071 954 2138 ⁹.

339 2174 369 2222 v.
395 2161 430 2221 4:

448 2262 501 2342 „si
526 2266 615 2348 post
640 2264 715 2332 hoc
739 2264 893 2351 aliquid
918 2265 1013 2332 mihi
1039 2265 1253 2334 remittas‘·

234 2367 395 2455 Papinius
435 2369 547 2438 subtili
588 2372 736 2458 quadam
776 2374 808 2440 et
847 2372 982 2458 ancipiti
1019 2389 1080 2457 spe
1114 2375 1256 2449 tenetur,
1296 2375 1408 2440 utrum
1443 2368 1567 2438 libellis

232 2478 393 2563 (quorum
418 2474 613 2563 Grypianus
640 2479 741 2546 vilior
768 2484 820 2547 est
848 2478 1041 2564 habendus)
1076 2479 1214 2547 iamiam
1251 2478 1389 2547 mutatis
1422 2477 1568 2545 remittat

234 2585 461 2670 „aliquid“¹)
491 2586 595 2671 (quod
628 2586 722 2671 pretii
747 2587 790 2655 sit
814 2587 958 2655 alicuius
981 2587 1035 2654 vel
1061 2585 1234 2673 dignitatis
1257 2585 1413 2670 omnino)
1439 2583 1568 2652 Plotius

231 2687 370 2777 Grypus
393 2709 438 2758 an
462 2710 542 2768 non,
566 2693 658 2778 quod
682 2711 821 2761 summa
845 2711 922 2761 cum
947 2710 1049 2761 curae
1071 2694 1143 2761 tum
1168 2693 1249 2761 artis
1272 2693 1325 2761 est
1348 2692 1510 2760 elocutus.

339 2817 481 2884 Miserat
505 2813 642 2902 drypns
666 2816 809 2902 Papinio
837 2837 899 2903 pro
930 2818 1016 2886 libro
1045 2835 1214 2903 purpureo
1248 2835 1417 2903 novoque,
1452 2817 1569 2884 charta

232 2926 265 2991 et
289 2923 377 2992 binis
402 2920 601 3010 umbilicis²l
630 2924 789 2992 decorato
819 2924 910 2992 Bruti
942 2925 1171 3002 oscitationes,
1202 2923 1353 2993 libellum
1386 2923 1487 2992 tineis
1514 2940 1568 2991 ro·

232 3048 310 3099 sum
347 3031 482 3117 situque
518 3033 660 3116 putrem.
721 3031 796 3099 Fuit
831 3049 914 3119 ergo
939 3029 1044 3118 (irypi
1073 3032 1198 3100 addere
1235 3031 1429 3118 „aliquid‘
1465 3029 1567 3106 dono,

233 3138 324 3223 quod
349 3138 468 3206 iocans
493 3142 525 3207 et
553 3138 676 3206 ludens
700 3139 849 3217 miserat,
875 3139 939 3207 nisi
969 3139 1256 3225 exspectationem
1286 3138 1385 3206 amici
1414 3136 1568 3221 decipere

233 3244 379 3313 volebat.

340 3443 371 3490 v.
397 3429 431 3492 9:
452 3462 455 3467 -
473 3429 657 3509 „praeter
686 3435 783 3503 me“,
818 3425 942 3512 quippe
971 3425 1027 3512 qui
1057 3442 1195 3492 carmen
1231 3439 1387 3510 pangens
1416 3440 1471 3489 me
1495 3424 1567 3506 ipse

233 3528 385 3598 dederim
410 3531 463 3597 vel
488 3531 663 3599 meliorem
688 3534 777 3599 certe
802 3531 867 3599 mei
893 3534 1033 3616 partem.

341 3726 372 3774 v.
403 3713 454 3774 13:

452 3819 543 3891 „aut
571 3814 848 3904 Byzantiacos
869 3817 1005 3884 colunt
1033 3817 1278 3900 lacertos.“³)

234 3919 364 3990 Versus
388 3920 625 3989 antecedentes

451 4029 617 4116 „quales
646 4033 712 4097 aut
736 4029 897 4116 Libycis
927 4030 1087 4098 madent
1116 4029 1237 4097 olivis

451 4139 517 4204 aut
544 4139 608 4237 tus
638 4132 836 4204 Niliacum
869 4137 1033 4222 piperve
1062 4138 1248 4205 servant“

236 4243 421 4328 respiciens
437 4243 660 4313 Heinsianam
678 4244 759 4311 tollo
777 4246 1004 4311 coniecturam
1032 4245 1184 4321 „olent“
1210 4246 1310 4330 atque
1332 4243 1365 4311 in
1380 4243 1568 4311 Matritensi

236 4350 394 4435 persisto:
419 4351 595 4419 cavillatur
617 4348 745 4420 Statius
769 4348 890 4418 libellis
914 4351 1072 4435 sepositis
1095 4351 1239 4419 lacertos
1263 4351 1435 4436 (thynnos,
1460 4350 1569 4435 pisces

238 4455 400 4543 Byzantio
435 4459 469 4525 in
504 4457 589 4526 treto
626 4460 756 4543 captos)
794 4458 930 4538 „coli“,
960 4458 979 4524 l.
1011 4475 1039 4526 e.
1068 4458 1137 4544 tegi
1166 4459 1199 4526 et
1227 4457 1363 4526 involvi.
1411 4455 1569 4524 Fortasse

344 4652 367 4721 1)
385 4653 419 4710 ct.
439 4653 546 4718 Friedl„
565 4653 621 4709 luv.
640 4652 697 4709 Sat.
717 4655 725 4708 l
745 4653 788 4708 74.

343 4744 366 4811 ²)
385 4743 419 4799 ci.
439 4744 518 4798 Mart.
541 4743 631 4816 Epigr.
651 4744 722 4808 166,
745 4748 791 4808 11;
810 4741 863 4798 vlll
882 4745 925 4806 61,
945 4748 971 4797 4.
1033 4761 1035 4768 ·

345 4832 368 4900 ³)
386 4831 420 4888 ct.
439 4830 506 4889 Tac.
524 4832 569 4889 Ab
588 4847 648 4889 exc.
668 4832 700 4887 D.
720 4833 793 4904 Aug.
812 4831 855 4887 Vll
874 4833 918 4887 ⁶³.
955 4830 1045 4888 Strab.
1065 4829 1167 4901 (leoga
1179 4828 1223 4885 Vll
1242 4833 1267 4894 6,
1287 4834 1347 4886 320.
