3516 5236
788 291 1011 356 -29-

991 481 1187 568 „levaque
1216 499 1409 568 soporem

394 585 547 656 Naidos
576 604 719 656 aversa
746 585 879 656 fertur
904 585 1097 674 tetigisse
1125 588 1311 675 sagitta“.

232 693 341 779 Atque
365 693 430 762 hos
453 695 623 763 mittentes
646 693 882 762 Matritensem
899 695 942 761 'in
967 711 1114 763 examen
1138 712 1318 764 vocemus:

952 802 1193 889 „levamque
1221 819 1408 888 soporem

394 907 546 976 Naidos
576 925 719 977 aversa
748 907 873 977 fertur
901 908 1093 995 tetigisse
1121 909 1306 996 sagitta‘.

231 1013 267 1080 ln
294 1015 554 1102 „levamque“
593 1015 698 1082 altera
733 1033 837 1082 manu
872 1024 947 1095 ,m“
981 1019 1188 1101 expunctum
1218 1019 1278 1095 est,
1311 1035 1378 1103 quo
1409 1019 1507 1103 pacto
1535 1017 1570 1086 in

231 1121 340 1206 ipsam
366 1140 437 1189 rem
461 1139 571 1208 paene
595 1122 749 1190 intimam
781 1122 958 1208 pervenire
990 1139 1187 1207 possumus,
1217 1124 1245 1191 si
1278 1124 1500 1211 ,levaque“
1536 1125 1570 1192 in

234 1229 457 1316 „levique“,
496 1241 687 1308 „aversa“
725 1230 759 1297 in
797 1237 1019 1306 „aversae“
1059 1232 1243 1298 mutamus.
1297 1229 1444 1299 Prorsus
1476 1231 1568 1299 enim

231 1334 446 1404 abiciendum
471 1339 522 1405 est
545 1336 705 1405 laevam
732 1335 817 1420 (scil.
835 1339 991 1422 manum)
1010 1337 1182 1428 nymphae
1206 1338 1331 1426 sagitta
1355 1338 1454 1406 ictam
1480 1356 1568 1417 esse,

232 1461 333 1530 quam
359 1441 424 1512 dea
451 1460 553 1522 ,una
581 1451 725 1510 manu“
753 1443 922 1512 emiserat.

337 1567 433 1636 Haec
470 1572 521 1637 est
559 1568 730 1637 condicio:
770 1566 883 1644 Diana
922 1551 1021 1636 mittit
1060 1587 1129 1637 una
1168 1588 1272 1638 manu
1312 1572 1428 1648 telum,
1475 1571 1567 1658 quod

234 1684 469 1762 ,soporem“
512 1678 569 1761 (en
607 1676 696 1761 sapit
736 1674 950 1762 Papinium!)
991 1674 1124 1744 Naidos
1162 1677 1316 1763 tetigisse
1354 1677 1468 1746 fertur.
1527 1677 1568 1746 Et

232 1783 381 1851 munitur
414 1782 516 1850 firmo
553 1783 680 1850 auxilio
714 1800 755 1850 ea
789 1783 955 1860 condicio,
987 1782 1101 1869 quoad
1136 1801 1284 1869 sopore
1315 1785 1405 1852 idem
1439 1786 1570 1854 dicatur

231 1890 321 1978 quod
346 1909 486 1959 somno
511 1889 729 1976 profundo,
752 1891 878 1976 toto†)
903 1890 956 1957 vel
984 1892 1193 1975 „torpente
1222 1893 1400 1976 spiritur.

261 2029 263 2032 ·
338 2013 563 2086 Coniecemnt
578 2015 648 2084 Itali
665 2015 727 2083 viri
745 2015 832 2082 docti
849 2015 884 2082 in
901 2014 1076 2084 codicibus
1100 2016 1244 2085 noviciis
1270 2017 1581 2104 ,laevumque“'

139 2111 143 2120 ’
232 2123 344 2208 (videl.
362 2124 546 2208 soporem).
595 2122 731 2209 Quibus
755 2122 841 2190 adeo
866 2140 935 2191 non
960 2122 1159 2208 adstipulor‚
1181 2126 1216 2192 ut
1238 2122 1367 2192 fortiter
1390 2125 1566 2212 obloquar.

229 2229 371 2298 Minime
410 2230 500 2298 enim
540 2247 666 2316 sopor
703 2230 849 2298 laevus
896 2229 1018 2314 (linker
1058 2226 1184 2308 Schlal,
1227 2231 1318 2298 linke
1357 2229 1494 2300 Scblate
1525 2262 1566 2290 =

229 2340 387 2422 tempus
411 2337 569 2405 laevum
594 2335 754 2422 capitis,
780 2353 867 2421 quae
891 2354 959 2403 vox
988 2335 1105 2404 lexicis
1128 2337 1252 2423 vigens
1276 2356 1340 2407 usu
1372 2340 1464 2406 haud
1490 2357 1566 2426 pro-

229 2443 339 2530 batur)
375 2443 500 2530 sagitta
538 2483 582 2491 —
621 2425 843 2530 ‘quantumvis
882 2440 1021 2509 mollem
1062 2457 1332 2530 eversamque
1375 2485 1411 2493 -
1450 2443 1566 2515 feriri

230 2550 352 2620 debuit.

336 2658 456 2744 Neque
491 2675 636 2725 manus
665 2657 784 2725 laeva
812 2673 923 2743 neque
959 2673 1082 2740 sopor
1112 2657 1254 2726 laevus
1288 2661 1459 2745 nymphae
1493 2663 1567 2728 tan·

228 2767 329 2854 gitur,
366 2765 426 2834 sed
462 2782 633 2832 somnus
670 2764 800 2850 (sopor)
823 2761 1014 2848 nymphae
1052 2775 1284 2844 ,aversae“,
1325 2769 1425 2853 atque
1465 2769 1567 2836 etiam

232 2873 357 2952 „levi“
384 2871 516 2960 sagitta.
565 2868 697 2958 Sagitta
719 2889 802 2939 vero
829 2870 928 2938 tacile
956 2865 999 2938 le
1003 2870 1065 2939 vis
1096 2871 1317 2960 intelligenda
1340 2877 1405 2942 est:
1437 2873 1476 2942 ct.
1502 2872 1567 2943 Ov.

228 2981 307 3050 Met.
333 2979 461 3047 11414:
487 2981 525 3047 et
552 2978 671 3047 modo
700 2979 789 3045 leve
819 2996 937 3046 manu
966 2979 1161 3056 iaculum,
1187 2979 1306 3047 modo
1336 2985 1567 3066 sumpserat

229 3104 371 3155 arcum.
419 3086 567 3163 Accedit,
598 3085 689 3172 quod
713 3082 841 3153 Statius
863 3087 934 3153 tota
962 3086 1027 3153 bac
1051 3082 1145 3154 Silva
1170 3083 1377 3154 Ovidianam
1403 3084 1564 3156 Callistus

229 3193 520 3280 metamorphosin
544 3208 710 3260 renovare
733 3192 816 3259 mibi
839 3191 982 3259 videtur.

334 3410 364 3458 v.
391 3395 446 3460 39:
482 3389 645 3458 Platanus
687 3389 799 3464 ,visu
840 3388 1084 3473 primaeva“‚
1124 3405 1193 3456 non
1235 3407 1360 3475 ,quam
1400 3391 1561 3476 adspectu

227 3496 302 3583 ipso
326 3497 478 3564 viderent
514 3513 635 3564 omnes
664 3494 851 3564 admodum
880 3497 1019 3563 tenerae
1050 3495 1188 3562 aetatis“
1223 3494 1364 3582 (Barth),
1389 3499 1449 3566 sed
1474 3516 1562 3586 quae

230 3604 483 3690 „primaeva“
511 3602 594 3670 Pani
620 3602 902 3687 circumspicienti
926 3604 1025 3688 grata
1048 3601 1193 3670 obvenit.

333 3820 364 3868 v.
390 3807 447 3868 45:

390 3909 447 3985 ,tu
472 3907 614 3975 saltem
638 3905 811 3974 declinis
835 3923 937 3982 ama;
963 3922 1097 3991 preme
1119 3904 1338 3976 frondibus
1363 3906 1545 3975 undam‘:

227 4015 328 4083 arbor
361 4013 535 4084 declinis
570 4015 674 4081 amet
709 4011 879 4100 lymphas,
914 4013 934 4080 i.
967 4030 995 4080 e.
1027 4012 1197 4080 inumbret
1228 4013 1401 4082 frondosis
1437 4015 1561 4093 comis:

226 4123 369 4190 alterum
394 4122 497 4209 igitur
521 4121 733 4190 enuntiatum
757 4120 864 4188 altero
884 4120 1095 4205 explanatur,
1120 4119 1345 4206 quamobrem
1368 4121 1561 4192 coniunctio

230 4230 317 4307 „et“,
353 4247 456 4316 quam
480 4227 661 4295 Markland
685 4226 857 4303 interiecit,
894 4225 1039 4294 delenda
1062 4228 1114 4294 est
1138 4225 1190 4310 (ci.
1208 4226 1361 4295 Vollmer
1384 4230 1416 4296 et
1441 4227 1559 4316 Klotz).

226 4333 358 4404 Deinde
380 4353 463 4403 vero
486 4336 566 4402 vota
590 4334 760 4418 abrupta
783 4332 967 4418 praedonis
991 4333 1121 4418 decepti
1145 4335 1280 4402 veriora
1311 4337 1411 4426 atque
1443 4335 1560 4404 iucun-

226 4442 323 4510 diora
346 4445 434 4520 sunt‚
466 4460 569 4528 quam
599 4442 635 4508 ut
659 4439 851 4526 corrigendi
879 4440 1010 4506 tantum
1035 4440 1217 4525 cupiditate
1239 4441 1400 4509 tollantur
1421 4447 1559 4512 temere.

331 4673 361 4743 †)
382 4672 415 4728 cr.
435 4673 445 4728 1
464 4677 489 4738 a,
508 4678 551 4728 41.
