3516 5236
775 347 999 410 ..gg-

215 535 363 604 nimmer
387 537 570 604 verachten
586 575 631 586 -
647 554 728 606 man
752 537 843 607 lasse
860 534 1032 623 (ieringes
1049 554 1093 606 an
1110 533 1276 606 Grossem
1293 536 1384 606 mich
1401 554 1555 614 messem

214 643 259 726 ja,
287 660 358 711 wer
389 643 506 730 jdngst
536 643 570 712 in
605 645 844 714 neronischem
877 641 1079 714 Weilenbad
1104 642 1309 763 'schwelgte
1344 643 1557 731 verschlagts

217 856 290 924 hier
306 875 347 924 zu
365 872 555 926 erwarmen
572 857 649 928 auis
666 875 743 926 neu.
788 857 876 936 Hei,
897 857 1043 932 Freund
1060 749 1181 924 zldldhetr
1194 855 1424 942 schopteriscn
1443 858 1556 926 hohen

218 961 316 1032 Bldte
342 964 403 1032 des
420 961 534 1034 Geists
559 964 628 1034 und
653 964 714 1033 der
730 963 898 1035 Umsiclrtt
916 1003 959 1064 ·.'·
976 963 1085 1032 Freue
1109 963 1186 1032 dieb
1210 964 1294 1052 lang
1317 963 1378 1032 des
1395 963 1555 1043 Besitzes

220 1070 290 1137 und
315 1071 366 1139 als
390 1071 445 1139 ein
469 1072 655 1142 scbdneres
679 1072 746 1140 Los
770 1070 906 1140 entialte
932 1071 1010 1140 dein
1034 1071 1147 1140 Leben
1171 1070 1244 1140 sich
1267 1069 1394 1140 fortan!

752 1296 1020 1304 ——-—-—

587 1483 731 1560 Arbor
759 1484 905 1561 Atedii
935 1479 1178 1565 Melioris.¹)

788 1662 790 1666 ‚
842 1625 929 1693 113.

320 1766 353 1814 v.
383 1755 413 1814 l:
453 1751 659 1834 ‚,opacet“.
707 1747 872 1818 Platanus
907 1767 928 1816 a
956 1747 1050 1815 Pane
1086 1745 1261 1816 amoribus
1296 1749 1468 1834 nymphae
1503 1749 1553 1816 in-

213 1853 316 1921 citato
342 1853 453 1938 posita
477 1857 548 1923 erat
570 1854 726 1924 Melioris
749 1872 857 1942 aquas
882 1857 1123 1941 opacatura.
1172 1853 1224 1938 (ci.
1252 1855 1282 1921 h.
1308 1871 1336 1922 c.
1360 1874 1391 1922 v.
1417 1858 1484 1941 45).

320 2051 352 2099 v.
393 2038 450 2100 14:
501 2030 689 2110 „Coelica
731 2036 840 2102 tecta
880 2032 1027 2102 subit“.
1094 2031 1307 2101 Adiectivum
1354 2031 1551 2112 „Coelicus“

214 2155 384 2224 nusquam
409 2142 563 2207 veterum
589 2140 721 2226 scriptis
745 2141 917 2226 probatur,
942 2140 1002 2208 sed
1027 2137 1126 2207 docet
1141 2137 1304 2217 Vollmer,
1329 2140 1424 2209 initio
1440 2141 1554 2210 Mark-

213 2244 409 2314 iandianam
446 2246 519 2332 ipse
554 2251 692 2316 secutus
726 2249 955 2316 coniecturam
989 2243 1179 2324 „Coelica
1211 2249 1360 2326 tesca“,
1395 2252 1553 2318 neutrum

214 2351 356 2437 pluralis
376 2355 509 2420 numeri
537 2350 752 2429 „Coelica“
779 2354 881 2423 simili
907 2353 1022 2430 modo,
1047 2371 1116 2440 quo
1140 2351 1184 2420 IV
1209 2359 1239 2432 5,
1265 2357 1307 2422 56
1334 2354 1550 2432 „Hernica“

215 2461 248 2527 et
271 2458 302 2525 V
327 2465 358 2536 3,
388 2466 450 2528 188
476 2459 695 2536 „Pontica“
722 2480 851 2530 novum
876 2480 897 2529 a
920 2458 1028 2530 Statio
1057 2460 1198 2529 aliatum
1229 2479 1305 2530 esse
1329 2463 1385 2540 ita,
1414 2466 1450 2532 ut
1474 2463 1553 2532 sub-

214 2567 362 2636 stantivo
401 2565 614 2643 „Coelica“
652 2569 856 2638 adiectivum
895 2572 1049 2647 „tecta“
1088 2571 1148 2655 (=
1185 2571 1329 2655 remota)
1365 2568 1554 2658 adiungere

213 2677 337 2759 posset.
388 2673 536 2751 „Tecta
560 2674 751 2744 Coelica“
778 2679 910 2745 remota
934 2682 1012 2747 sunt
1036 2676 1272 2763 intelligenda;
1297 2694 1376 2744 nam
1402 2679 1554 2764 nympha

212 2779 289 2848 Jani
312 2781 515 2870 belligerum
534 2801 666 2861 nemus,
684 2786 757 2852 atra
774 2802 853 2852 rura
869 2781 960 2862 Caci,
978 2802 1083 2871 agros
1100 2781 1296 2869 Quirinales
1312 2789 1555 2869 pererraverat,

212 2888 414 2975 priusquam
452 2886 570 2959 Coelio
604 2890 638 2958 in
674 2894 790 2959 monte
828 2891 996 2961 consedit:
1039 2890 1121 2970 „ibi
1159 2890 1318 2957 demum
1346 2943 1553 2960 .......

213 2993 382 3082 posunt)
412 3013 455 3065 se
487 2997 674 3085 margine
704 2999 857 3084 ripae.“

321 3101 420 3188 Quae
444 3107 480 3172 ut
508 3107 686 3193 negentur,
718 3143 763 3153 —-
798 3103 987 3182 „coelica
1022 3105 1254 3191 (adiectivum)
1289 3107 1422 3173 tecta“
1461 3103 1573 3190 (sub'

214 3210 412 3297 stantivum)
446 3211 581 3297 probari
612 3210 735 3280 debent
761 3210 917 3291 fortasse,
945 3212 1033 3280 dicta
1061 3230 1123 3297 pro
1153 3208 1270 3280 Coelio
1294 3214 1420 3290 monte,
1450 3232 1552 3300 quem

214 3317 399 3402 antiquitus
424 3315 644 3406 habitatum³t
662 3322 818 3387 auctores
841 3321 920 3387 sunt
936 3317 1045 3387 Varro
1070 3320 1102 3386 et
1118 3317 1244 3396 Livius
1262 3317 1319 3386 ubi
1342 3321 1414 3387 tum
1431 3319 1552 3389 Atedio

214 3425 378 3492 steterunt
413 3425 564 3510 „aperti
597 3427 684 3494 sine
713 3424 859 3496 fraude
895 3427 1040 3495 lares“.
1097 3424 1282 3494 Dimidiam
1312 3444 1394 3495 vero
1429 3428 1551 3496 barum

214 3530 449 3600 difficultatum
467 3535 596 3618 partem
614 3533 720 3601 vitare
737 3550 839 3619 posse
856 3533 938 3601 mibi
956 3533 1084 3612 videor,
1097 3533 1126 3600 si
1150 3534 1345 3609 „tectam“
1365 3535 1551 3620 nympham

215 3637 390 3725 distinguo
414 3658 435 3707 a
462 3648 713 3726 „suspensa“
740 3642 906 3727 nympha:
932 3640 1079 3726 primum
1104 3639 1194 3727 iuga
1216 3647 1466 3725 „suspensa“
1494 3659 1553 3729 per

216 3762 322 3832 agros
348 3745 544 3832 Quirinales
567 3745 664 3834 fugit,
689 3747 767 3815 dein
794 3749 949 3826 „tecta“
976 3746 1067 3816 subit
1090 3745 1246 3817 Coelium
1270 3748 1323 3815 vel
1349 3747 1495 3820 coelica.

322 3949 565 4029 summ

985 4033 1172 4120 „levique
1201 4051 1390 4119 soporem

378 4137 534 4207 Naidos
563 4157 734 4208 aversae
764 4138 892 4208 fertur
921 4139 1110 4227 tetigisse
1135 4139 1316 4228 sagitta.“

215 4244 273 4315 Sic
306 4247 431 4324 scrib0;
468 4245 529 4316 sed
566 4246 692 4315 diutius
724 4248 864 4315 haerere
893 4265 1009 4336 cogor,
1073 4245 1245 4316 Omnibus
1278 4247 1350 4316 iere
1377 4249 1552 4320 codicibus

215 4351 391 4442 probatur:

322 4550 345 4621 1)
364 4552 398 4624 cr,
418 4552 496 4607 marr.
516 4551 608 4622 Epigr.
626 4550 645 4606 rr
664 4551 707 4615 69,
728 4551 751 4615 r,
771 4551 859 4607 vrrs
879 4553 907 4606 et
927 4556 968 4615 29,
988 4550 1041 4606 vm
1060 4555 1103 4606 aa.

322 4639 345 4706 ²)
365 4640 398 4696 ct.
419 4642 471 4706 12,
491 4645 551 4697 243.

271 4719 279 4728 “
322 4729 345 4798 ³)
364 4728 404 4785 oe
424 4731 488 4800 mg.
508 4731 566 4786 Lar.
580 4728 653 4785 rva.
691 4729 836 4786 mistico
855 4730 882 4784 et
901 4734 943 4786 aa
