3516 5236
829 324 1052 384 ..11-

270 511 370 588 ciunt,
395 511 475 596 quia
495 511 653 578 versione
677 511 817 579 demum
843 513 978 581 dictioni
1004 512 1178 598 scriptoris
1202 511 1370 579 serviente
1394 509 1511 577 omnia
1536 527 1614 594 per·

268 616 355 684 solvi
380 619 472 701 puto,
497 635 540 684 ne
564 620 685 702 poetae
708 618 786 687 laus
810 621 941 704 poetica
966 620 1170 688 detrahatur.

376 723 483 791 Tenui
508 724 611 811 igitur
634 728 666 792 et
689 728 838 812 angusta
858 727 987 813 ingenii
1003 745 1093 795 vena
1108 724 1260 793 conlisus
1277 722 1457 809 Papinium
1475 724 1610 790 senten-

267 829 314 896 tia
341 833 477 898 servata
508 830 550 897 ad
579 829 735 909 verbum,
771 833 827 900 ubi
860 837 989 919 potero,
1025 831 1193 909 imitabor,
1229 833 1264 897 ut
1294 831 1415 898 iterum
1446 831 1612 896 nontam

269 935 453 1024 philologis
488 955 590 1024 quam
621 939 750 1024 optimo
780 940 903 1027 cuique
932 939 1079 1026 patefiat,
1111 939 1222 1026 qualis
1249 955 1329 1005 vere
1365 935 1473 1005 luerit.
1529 935 1613 1022 Quo

268 1043 359 1110 enim
395 1044 522 1113 diutius
562 1043 780 1131 ingrediebar
801 1047 915 1116 versui
940 1065 1077 1115 versum
1104 1046 1298 1122 adnectens,
1334 1061 1376 1111 eo
1400 1043 1514 1130 magis
1537 1045 1612 1116 toto

269 1168 404 1238 quoque
428 1152 502 1237 ipse
527 1151 720 1220 delectabar
743 1153 903 1222 carmine.
1109 1147 1111 1161 '

377 1257 450 1326 Hac
485 1278 536 1337 re,
572 1277 781 1347 quamquam
818 1278 955 1347 semper
986 1261 1070 1328 citra
1103 1260 1280 1328 veritatem
1320 1262 1371 1327 est
1409 1259 1611 1335 similitudo,

270 1361 414 1432 Statium
439 1366 468 1434 si
493 1384 562 1435 non
587 1367 790 1455 adaequare,
823 1369 933 1435 colere
957 1371 1046 1436 certe
1071 1367 1210 1436 conisus
1234 1385 1328 1452 sum;
1363 1364 1525 1433 teretibus
1560 1367 1610 1430 in-

269 1470 351 1539 fluat
375 1475 408 1541 et
431 1474 620 1542 insusurret
644 1473 799 1542 auribusl
831 1514 874 1521 -
903 1474 983 1561 Quo
1013 1475 1212 1560 priusquam
1238 1475 1397 1547 ascendo,
1434 1472 1611 1548 nonnulla,

270 1596 314 1646 ne
342 1581 376 1646 in
404 1579 539 1648 nebulis
567 1581 732 1668 navigare
755 1581 883 1660 videar,
919 1583 962 1650 de
996 1582 1105 1668 capite
1140 1581 1367 1666 expendenda
1400 1578 1484 1647 milri
1519 1579 1610 1655 sunt,

270 1686 362 1772 quod
387 1687 483 1774 quasi
509 1706 665 1755 normam
691 1688 769 1766 adii,
795 1689 830 1755 ut
846 1687 1106 1756 fundamentum
1125 1686 1294 1764 offerrem,
1319 1687 1438 1775 inquo
1456 1681 1613 1753 Statiana

270 1810 338 1860 vox
355 1795 523 1863 niteretur.
572 1794 630 1863 Est
646 1796 754 1863 codex
775 1795 1030 1865 Matritensis
1054 1795 1277 1863 bibliothecae
1303 1794 1483 1862 nationalis
1500 1792 1537 1859 M
1554 1798 1611 1870 31,

271 1900 327 1985 qui
363 1901 475 1984 priore
510 1902 615 1988 quinti
651 1903 773 1970 decimi
809 1905 936 1971 saeculi
974 1907 1070 1989 parte
1104 1903 1317 1987 conscriptus
1352 1921 1381 1968 a.
1413 1920 1443 1987 p.
1471 1899 1548 1970 Clrr.
1574 1917 1607 1966 n.

270 2004 562 2076 MDCCCLXXIV
587 2027 607 2075 a
631 2007 784 2078 Gustavo
808 2011 930 2078 Loewe
953 2010 1079 2078 Matriti
1114 2011 1266 2094 repertus
1301 2012 1334 2076 et
1369 2008 1513 2076 collatus
1548 2009 1611 2073 est.

271 2112 372 2181 llunc
395 2115 516 2184 merito
541 2135 666 2203 agmen
696 2117 820 2185 ducere
855 2117 1010 2184 omnium
1046 2117 1209 2185 librorum
1241 2116 1353 2202 quoad
1378 2111 1491 2183 Silvas
1516 2131 1610 2180 com-

271 2221 484 2307 prehendunt
519 2242 623 2290 manu
659 2225 860 2310 scriptorum
899 2228 930 2293 et
964 2225 1077 2310 ipsum
1112 2224 1288 2308 exemplar
1316 2241 1393 2291 esse
1425 2222 1458 2288 in
1485 2220 1608 2308 Poggii

271 2347 371 2396 usum
407 2330 666 2417 transscriptum
696 2331 855 2400 Aliredus
891 2330 1019 2417 Klotz¹)
1056 2331 1259 2399 nitidissime
1295 2329 1541 2398 demonstravit
1577 2331 1611 2396 et
1709 2363 1711 2370 Α

271 2435 384 2512 evicit;
414 2455 516 2523 quam
552 2437 596 2505 ob
621 2455 760 2507 causam
787 2439 873 2506 alios
908 2438 1044 2506 codices
1072 2441 1213 2506 cunctos
1241 2437 1319 2504 inde
1345 2437 1516 2505 derivatos
1540 2453 1610 2503 non

271 2561 348 2610 sum
374 2546 521 2612 secutus.

378 2650 472 2719 Haec
522 2651 648 2730 habeo,
700 2670 788 2739 quae
843 2653 953 2721 dicam
1006 2653 1048 2721 de
1105 2653 1222 2721 codice
1273 2650 1463 2720 Matritensi
1517 2667 1612 2718 anno

270 2754 613 2827 MDCCCLXXXXV
652 2778 712 2846 per
749 2760 934 2828 Mauritum
976 2761 1093 2828 Krolrn
1137 2779 1276 2828 summa
1316 2777 1393 2827 cum
1433 2756 1609 2843 diligentia

271 2881 417 2932 excusso
442 2865 498 2944 ita,
523 2871 558 2934 ut
582 2867 624 2934 de
648 2867 792 2935 lectione
816 2868 891 2936 eius
914 2867 984 2936 lere
1008 2886 1178 2954 nusquam
1205 2867 1247 2934 sit
1272 2866 1423 2933 dubium.

379 2970 537 3041 Ceterum
573 2973 664 3061 quod
700 2975 816 3042 attinet
851 2975 894 3042 ad
931 2975 1144 3061 singularum
1181 2972 1353 3042 Silvarum
1388 2972 1514 3048 titulos,
1551 2971 1608 3056 qui

270 3079 423 3166 plerique
452 3081 552 3165 positi
581 3084 745 3166 apparent
774 3099 834 3168 per
857 3081 1024 3160 librarios,
1061 3079 1328 3166 praefationibus
1364 3078 1466 3146 habui
1494 3077 1609 3144 iidem.

270 3181 338 3253 Sed
364 3188 446 3253 dum
471 3205 633 3275 comparo
658 3189 743 3256 inter
770 3207 848 3257 sese
872 3189 1106 3256 Matritensem
1142 3188 1265 3255 librum
1303 3205 1407 3254 manu
1444 3185 1607 3271 scriptum

270 3274 303 3358 et
330 3292 525 3362 Klotzianas
548 3292 869 3382 Vollmerianasque
905 3296 1081 3374 editiones,
1118 3313 1262 3381 quarum
1291 3294 1437 3380 vestigia
1472 3308 1609 3376 semper

270 3401 368 3466 erunt
391 3401 614 3487 respicienda,
639 3403 772 3489 aliquos
795 3403 909 3470 inveni
934 3404 1028 3470 locos
1053 3420 1131 3470 meo
1156 3403 1293 3490 quidem
1319 3401 1435 3469 animo
1464 3418 1532 3468 non
1564 3398 1611 3465 ab

270 3507 363 3573 omni
381 3510 476 3592 parte
492 3513 670 3594 suspectos
692 3512 725 3576 et
749 3508 965 3595 ponderatos.
1013 3508 1086 3587 llic,
1112 3509 1251 3596 nequid
1269 3510 1417 3584 sileatur,
1443 3505 1609 3575 nonnulla

270 3613 492 3692 subserenda‚
517 3617 730 3703 corrigenda,
755 3617 924 3702 explenda
947 3616 1028 3682 milri
1053 3616 1221 3684 videntur.

378 3719 547 3808 Sequitur,
583 3726 619 3790 ut
652 3741 834 3808 exponam,
871 3724 905 3789 in
940 3720 1065 3808 tertul)
1095 3723 1331 3792 constituendo
1360 3721 1440 3808 quid
1464 3718 1608 3807 egerim.

271 3825 482 3897 Coniecturis
506 3831 647 3897 omnino
672 3832 704 3898 in
728 3830 858 3916 Papinii
883 3830 1044 3917 operibus
1068 3848 1183 3898 carere
1213 3848 1281 3897 non
1311 3845 1509 3914 possumus,
1545 3826 1608 3894 sed

271 3952 434 4021 quaerere
469 3939 610 4022 oportet,
647 3956 734 4023 quae
769 3938 940 4006 servanda
973 3938 1026 4004 vel
1063 3937 1256 4005 revocanda
1279 3937 1346 4004 sint
1369 3951 1524 4021 quaeque
1549 3932 1606 3999 ab·

271 4041 432 4110 dicentur.
482 4042 561 4129 Qua
584 4044 618 4111 in
643 4061 679 4111 re
704 4046 818 4112 minus
843 4045 1100 4122 advertendum,
1130 4045 1210 4132 quid
1241 4046 1341 4128 poeta
1364 4042 1606 4128 dignissimum

271 4151 328 4216 aut
344 4166 458 4234 perse
475 4151 782 4238 elegantissimum,
806 4170 910 4238 quam
927 4151 1008 4238 quid
1025 4152 1173 4236 peculari
1198 4146 1293 4219 Statii
1320 4149 1457 4236 ingenio
1480 4149 1609 4233 optime

271 4256 453 4325 convenire
477 4257 642 4327 videatur.

378 4365 490 4433 Floret
519 4365 668 4451 prolecto
697 4368 831 4450 praeter
853 4365 1009 4433 aemulos
1038 4361 1176 4443 Statius,
1205 4364 1396 4450 ubicunque
1428 4363 1607 4440 suavitate,

270 4469 389 4557 gratia,
413 4475 591 4540 venustate
613 4474 715 4540 totus·
729 4472 875 4541 scaturit.
926 4471 1044 4558 Neque
1069 4471 1249 4549 dubitetur,
1267 4471 1347 4557 quin
1372 4471 1415 4537 ad
1432 4469 1610 4546 laudandi,

378 4613 397 4681 ¹)
418 4613 450 4669 ci.
470 4614 551 4669 etiam
565 4611 694 4678 Vollmer,
714 4614 774 4684 epil.
794 4617 887 4684 pago
906 4628 947 4682 sq.

376 4699 399 4770 2)
419 4703 493 4770 quod
512 4703 570 4773 ipse
590 4703 752 4760 coniciendo
772 4702 858 4758 aliero
877 4704 951 4770 novi,
971 4719 995 4762 rs
1016 4702 1179 4774 significavi.
