3516 5236
513 1083 515 1088 ’
559 1099 827 1176 Balneolum
858 1096 1032 1173 Claudii
1063 1093 1281 1180 Etrusci¹l

887 1292 958 1359 ls.

359 1455 391 1503 ν.
433 1443 486 1504 10:
544 1439 688 1523 „atque
735 1454 973 1504 enumerare
1020 1434 1192 1502 labora.“
1264 1431 1402 1520 unget)
1450 1434 1592 1520 cyathos

254 1546 309 1629 (=
335 1542 487 1612 diffunde
519 1560 701 1612 numerum
730 1543 945 1628 cyathorum:
985 1541 1091 1610 Theb.
1122 1541 1159 1610 lll
1195 1547 1276 1618 497;
1311 1540 1367 1608 Vll
1404 1545 1457 1610 99.
1504 1539 1590 1609 Plin.

253 1649 312 1736 Ep.
331 1649 374 1717 lV
390 1655 422 1728 9,
443 1652 507 1735 lo),
524 1668 607 1736 puer
624 1651 678 1734 (=
697 1649 863 1717 minister:
889 1648 970 1717 llor.
985 1645 1097 1717 Carm.
1116 1648 1127 1715 Ι
1145 1654 1197 1724 38,
1220 1656 1231 1714 1
1253 1651 1284 1716 et
1301 1652 1336 1725 6;
1361 1648 1398 1717 lll
1420 1654 1469 1726 19,
1486 1653 1507 1718 9
1524 1666 1591 1736 sq.;

254 1756 360 1844 Epod.
385 1757 428 1825 lX
452 1761 519 1843 33),
546 1761 706 1844 ,atque“
744 1796 787 1804 —
819 1757 846 1825 si
881 1755 1007 1841 poteris
1042 1795 1085 1803 -
1122 1773 1379 1834 ,enumerare
1414 1755 1591 1825 laborat:

256 1864 414 1951 equidem
440 1882 516 1932 cum
541 1864 652 1932 amico
676 1863 904 1932 bacchaturus
926 1881 1127 1932 enumerare
1150 1864 1240 1932 nolo.

348 2080 393 2127 =v.
432 2066 485 2128 14;
533 2059 685 2128 Primum
721 2063 831 2128 totum
868 2060 959 2127 hunc
994 2060 1107 2127 locum
1143 2060 1298 2128 vitiatum
1335 2061 1597 2147 mutilatumque

257 2171 351 2236 ratus
367 2185 455 2245 sum,
473 2167 717 2236 cumeverbis
744 2165 854 2244 „Clio
880 2184 1028 2253 procax
1053 2167 1169 2236 vittis
1193 2167 1437 2255 hederisque
1461 2168 1598 2236 soluta

256 2275 401 2343 ironde
432 2275 662 2343 verecundo
691 2274 792 2341 ludit
819 2272 1007 2342 Etrusco‘
1039 2293 1180 2342 sensum
1205 2275 1326 2342 elicere
1351 2292 1419 2341 non
1444 2291 1595 2361 possem.

257 2381 424 2450 Austerae
460 2382 550 2449 enirn
587 2379 683 2451 Statii
719 2380 853 2459 Musae,
890 2384 925 2448 ut
960 2381 1108 2450 lascivae
1139 2383 1182 2467 (v.
1201 2384 1235 2466 9)
1266 2400 1393 2468 procax
1418 2382 1595 2450 interesset

257 2489 430 2575 potationi,
454 2487 621 2556 fuerintne
638 2488 824 2558 solvendae
847 2489 972 2557 vittae
997 2489 1252 2576 hederaeque
1276 2507 1320 2556 an
1343 2487 1459 2557 irons
1481 2505 1596 2556 vere·

258 2595 410 2664 cunda?
458 2595 585 2664 Frons
617 2615 740 2682 nempe
768 2595 1012 2664 verecunda!
1060 2595 1138 2664 Non
1175 2596 1252 2664 alba
1284 2595 1503 2683 igiturviita,
1534 2596 1595 2665 sed

258 2700 461 2789 purpurea⁵)
487 2704 667 2790 designata
691 2706 755 2781 est;
780 2722 848 2790 qua
872 2703 913 2770 de
938 2721 1042 2772 causa
1066 2702 1149 2781 Clio,
1178 2703 1339 2782 „fronde
1362 2704 1596 2772 verecunda

258 2811 409 2888 soluta,
453 2810 564 2878 vittis
593 2811 816 2898 -tpurpureis)
862 2809 1106 2898 hederisque
1151 2811 1341 2897 (hilaribus)
1381 2810 1594 2898 procax“⁴)

259 2919 379 2986 evenit.

361 3113 389 3164 st
428 3115 460 3163 v.
486 3101 543 3166 39:

420 3225 617 3308 „quotque
641 3220 731 3306 Tyri
758 3221 904 3289 niveas
928 3224 1040 3289 secat
1064 3224 1101 3290 et
1125 3219 1293 3292 Sidonia
1317 3217 1468 3308 rupes.“

259 3325 490 3414 „Quotque“
528 3328 670 3406 correxi,
706 3347 808 3414 quarn
838 3328 1065 3396 coniecturam
1097 3329 1138 3396 ab
1163 3332 1345 3416 archetypo
1370 3331 1509 3416 paululo
1533 3330 1592 3398 ab·

257 3435 451 3504 horrentem
473 3438 562 3502 stare
587 3452 689 3520 posse
705 3435 762 3502 vix
779 3435 960 3522 quisquam
985 3435 1110 3504 infitias
1133 3435 1205 3504 ibit:
1231 3437 1306 3505 sola
1329 3439 1410 3506 nitet
1434 3454 1593 3524 purpura,

258 3560 346 3628 quae
364 3543 417 3626 (=
434 3542 586 3609 marmor
600 3544 823 3629 purpureum)
841 3543 987 3627 primurn
1006 3542 1122 3611 decisa
1144 3545 1196 3612 est
1213 3544 1409 3613 Nomadum
1435 3546 1592 3625 metallis,

259 3649 389 3717 deinde·
405 3668 507 3736 quam
539 3648 643 3733 (idem
667 3651 831 3738 marmor)
863 3649 948 3716 Attis
973 3651 1169 3728 cruentavit,
1204 3652 1275 3718 turn
1306 3669 1394 3738 quae
1419 3653 1474 3736 (=
1499 3654 1594 3722 color

259 3774 450 3843 purpureus
481 3756 535 3824 vel
572 3755 798 3841 conchylium,
833 3758 977 3841 ostrum)
1014 3756 1092 3843 Tyri
1128 3761 1161 3825 et
1184 3754 1312 3826 Sidone
1347 3762 1445 3844 capta
1474 3760 1593 3828 niveas

257 3866 350 3933 secat
374 3881 485 3949 rupes.
533 3863 742 3949 Nuperenim
776 3866 880 3950 negat
913 3863 1091 3950 Karsteno
1127 3884 1301 3934 marmor
1329 3866 1469 3953 Tyrium
1493 3862 1593 3935 Sido-

259 3971 421 4058 niumque
455 3970 714 4058 intelligendum
751 3988 842 4048 esse;
878 3971 930 4038 cui
967 3972 1014 4038 rei
1050 3971 1295 4042 incrementum
1332 3973 1479 4051 allertur,
1512 3972 1593 4059 quia

256 4095 426 4165 nusquam
451 4074 692 4154 nisiSilv.12,
713 4082 774 4143 148
796 4080 827 4144 et
849 4083 879 4154 5,
897 4082 940 4146 39
963 4078 1146 4165 vestigium
1172 4078 1247 4147 eius
1270 4084 1389 4150 exstat.
1438 4079 1476 4148 ci.
1494 4078 1591 4150 Klotz

255 4184 359 4272 praei.
385 4203 462 4272 pag.
487 4191 540 4252 84.

362 4399 384 4465 ¹)
403 4399 437 4454 ci.
451 4399 460 4453 l
472 4397 555 4468 prael.
571 4403 604 4453 37
618 4412 673 4465 sq.;
697 4397 743 4460 13,
762 4402 797 4452 43
810 4411 884 4466 sqq.;
908 4398 926 4452 ll
945 4404 969 4463 2,
993 4405 1023 4454 17
1038 4415 1098 4470 sqq.
1136 4401 1215 4456 Mart.
1234 4401 1326 4473 Epigr.
1340 4401 1365 4458 V
1380 4405 1407 4456 l:
1427 4403 1588 4462 thermulae.

360 4484 438 4556 ²)cl.
457 4487 541 4543 (iron.
563 4485 630 4543 Obs.
650 4487 668 4542 ll
687 4491 711 4542 3.
749 4485 837 4543 (iaev.
857 4485 923 4557 Pap.
942 4489 1003 4544 lect.
1024 4504 1122 4545 comm.
1142 4489 1251 4545 XXXVI
1274 4496 1331 4556 104,
1355 4498 1385 4548 17
1405 4504 1465 4561 sqq.

360 4573 385 4645 ⁸)
403 4576 436 4634 cl.
455 4577 475 4632 ll
493 4583 517 4643 7,
538 4581 555 4634 9
573 4590 633 4647 sqq.

361 4664 385 4734 ⁴)
404 4665 437 4722 ci.
456 4667 523 4723 Hor.
543 4667 633 4725 Carm.
652 4665 670 4721 ll
692 4671 715 4730 l,
734 4670 777 4720 37.

360 4752 384 4822 ⁵)
403 4756 418 4810 l
440 4757 455 4810 l.
475 4772 556 4828 pagg.
576 4761 637 4820 345,
658 4759 718 4811 348.
