<?xml version="1.0" encoding="UTF-8"?>
<!DOCTYPE html PUBLIC "-//W3C//DTD XHTML 1.0 Transitional//EN"
    "http://www.w3.org/TR/xhtml1/DTD/xhtml1-transitional.dtd">
<html xmlns="http://www.w3.org/1999/xhtml" xml:lang="en" lang="en">
 <head>
  <title>
</title>
<meta http-equiv="Content-Type" content="text/html;charset=utf-8" />
  <meta name='ocr-system' content='tesseract 3.04.00' />
  <meta name='ocr-capabilities' content='ocr_page ocr_carea ocr_par ocr_line ocrx_word'/>
</head>
<body>
  <div class='ocr_page' id='page_1' title='image "./lucubrationumst01schigoog_0044.png"; bbox 0 0 3530 5242; ppageno 0'>
   <div class='ocr_carea' id='block_1_1' title="bbox 767 333 988 397">
    <p class='ocr_par' dir='ltr' id='par_1_1' title="bbox 767 333 988 397">
     <span class='ocr_line' id='line_1_1' title="bbox 767 333 988 397; baseline -0.005 -20"><span class='ocrx_word' id='word_1_1' title='bbox 767 333 988 397; x_wconf 64' lang='lat'>,39-</span> 
     </span>
    </p>
   </div>
   <div class='ocr_carea' id='block_1_2' title="bbox 214 520 1547 822">
    <p class='ocr_par' dir='ltr' id='par_1_2' title="bbox 214 520 1547 822">
     <span class='ocr_line' id='line_1_2' title="bbox 215 520 1547 610; baseline -0.001 -19"><span class='ocrx_word' id='word_1_2' title='bbox 215 523 377 610; x_wconf 88' lang='lat' dir='ltr'>Papinius</span> <span class='ocrx_word' id='word_1_3' title='bbox 400 525 435 591; x_wconf 94' lang='lat' dir='ltr'>in</span> <span class='ocrx_word' id='word_1_4' title='bbox 457 520 560 593; x_wconf 89' lang='lat' dir='ltr'>Silvis</span> <span class='ocrx_word' id='word_1_5' title='bbox 588 541 673 593; x_wconf 84' lang='lat' dir='ltr'>voce</span> <span class='ocrx_word' id='word_1_6' title='bbox 710 524 1020 610; x_wconf 85' lang='lat' dir='ltr'>„monstrare“¹)</span> <span class='ocrx_word' id='word_1_7' title='bbox 1049 521 1210 602; x_wconf 88' lang='lat' dir='ltr'>crebrius,</span> <span class='ocrx_word' id='word_1_8' title='bbox 1247 542 1349 610; x_wconf 93' lang='lat' dir='ltr'>quam</span> <span class='ocrx_word' id='word_1_9' title='bbox 1380 525 1415 592; x_wconf 92' lang='lat' dir='ltr'>ut</span> <span class='ocrx_word' id='word_1_10' title='bbox 1445 524 1486 591; x_wconf 92' lang='lat' dir='ltr'>de</span> <span class='ocrx_word' id='word_1_11' title='bbox 1514 523 1547 590; x_wconf 91' lang='lat' dir='ltr'>vi</span> 
     </span>
     <span class='ocr_line' id='line_1_3' title="bbox 214 629 1216 717; baseline -0.003 -19"><span class='ocrx_word' id='word_1_12' title='bbox 214 631 288 698; x_wconf 90' lang='lat' dir='ltr'>eius</span> <span class='ocrx_word' id='word_1_13' title='bbox 311 629 455 700; x_wconf 90' lang='lat' dir='ltr'>dubitari</span> <span class='ocrx_word' id='word_1_14' title='bbox 480 631 602 717; x_wconf 77' lang='lat' dir='ltr'>possit,</span> <span class='ocrx_word' id='word_1_15' title='bbox 626 629 667 698; x_wconf 86' lang='lat' dir='ltr'>cf.</span> <span class='ocrx_word' id='word_1_16' title='bbox 693 631 770 698; x_wconf 90' lang='lat' dir='ltr'>adn.</span> <span class='ocrx_word' id='word_1_17' title='bbox 795 649 825 698; x_wconf 91' lang='lat' dir='ltr'>a.</span> <span class='ocrx_word' id='word_1_18' title='bbox 851 629 875 698; x_wconf 95' lang='lat' dir='ltr'>ll</span> <span class='ocrx_word' id='word_1_19' title='bbox 900 637 930 708; x_wconf 89' lang='lat'>4,</span> <span class='ocrx_word' id='word_1_20' title='bbox 960 637 1000 698; x_wconf 90' lang='grc' dir='ltr'>1ο</span> <span class='ocrx_word' id='word_1_21' title='bbox 1023 631 1074 699; x_wconf 93' lang='lat' dir='ltr'>hs.</span> <span class='ocrx_word' id='word_1_22' title='bbox 1100 647 1216 716; x_wconf 91' lang='lat' dir='ltr'>opusc.</span> 
     </span>
     <span class='ocr_line' id='line_1_4' title="bbox 323 736 1282 822; baseline -0.003 -17"><span class='ocrx_word' id='word_1_23' title='bbox 323 736 489 816; x_wconf 88' lang='lat' dir='ltr'>,Manus</span> <span class='ocrx_word' id='word_1_24' title='bbox 518 737 738 822; x_wconf 78' lang='lat' dir='ltr'>inserta“,²)</span> <span class='ocrx_word' id='word_1_25' title='bbox 763 738 782 804; x_wconf 92' lang='lat' dir='ltr'>i.</span> <span class='ocrx_word' id='word_1_26' title='bbox 808 755 838 806; x_wconf 91' lang='lat' dir='ltr'>e.</span> <span class='ocrx_word' id='word_1_27' title='bbox 863 737 958 806; x_wconf 91' lang='lat' dir='ltr'>rictui</span> <span class='ocrx_word' id='word_1_28' title='bbox 982 737 1092 806; x_wconf 90' lang='lat' dir='ltr'>leonis</span> <span class='ocrx_word' id='word_1_29' title='bbox 1115 737 1282 822; x_wconf 90' lang='lat' dir='ltr'>imposita.</span> 
     </span>
    </p>
   </div>
   <div class='ocr_carea' id='block_1_3' title="bbox 209 915 1591 2606">
    <p class='ocr_par' dir='ltr' id='par_1_3' title="bbox 319 915 1365 1003">
     <span class='ocr_line' id='line_1_5' title="bbox 319 915 1365 1003; baseline 0.001 -20"><span class='ocrx_word' id='word_1_30' title='bbox 319 936 350 984; x_wconf 89' lang='lat' dir='ltr'>v.</span> <span class='ocrx_word' id='word_1_31' title='bbox 381 922 418 983; x_wconf 89' lang='lat'>12</span> <span class='ocrx_word' id='word_1_32' title='bbox 443 934 507 1003; x_wconf 92' lang='lat' dir='ltr'>sq.:</span> <span class='ocrx_word' id='word_1_33' title='bbox 558 920 619 996; x_wconf 87' lang='lat' dir='ltr'>„et</span> <span class='ocrx_word' id='word_1_34' title='bbox 647 917 814 984; x_wconf 88' lang='lat' dir='ltr'>clausas</span> <span class='ocrx_word' id='word_1_35' title='bbox 841 915 989 984; x_wconf 94' lang='lat' dir='ltr'>circum</span> <span class='ocrx_word' id='word_1_36' title='bbox 1020 915 1199 1002; x_wconf 90' lang='lat' dir='ltr'>undique</span> <span class='ocrx_word' id='word_1_37' title='bbox 1227 919 1365 1001; x_wconf 91' lang='lat' dir='ltr'>portas</span> 
     </span>
    </p>

    <p class='ocr_par' dir='ltr' id='par_1_4' title="bbox 374 1020 1379 1108">
     <span class='ocr_line' id='line_1_6' title="bbox 374 1020 1379 1108; baseline 0 -18"><span class='ocrx_word' id='word_1_38' title='bbox 374 1023 449 1092; x_wconf 92' lang='lat' dir='ltr'>hoc</span> <span class='ocrx_word' id='word_1_39' title='bbox 475 1023 642 1091; x_wconf 85' lang='lat' dir='ltr'>licuisse</span> <span class='ocrx_word' id='word_1_40' title='bbox 666 1020 781 1091; x_wconf 83' lang='lat' dir='ltr'>nefas</span> <span class='ocrx_word' id='word_1_41' title='bbox 809 1021 959 1108; x_wconf 90' lang='lat' dir='ltr'>placidi</span> <span class='ocrx_word' id='word_1_42' title='bbox 985 1024 1172 1090; x_wconf 81' lang='lat' dir='ltr'>tumuere</span> <span class='ocrx_word' id='word_1_43' title='bbox 1201 1022 1379 1090; x_wconf 88' lang='lat' dir='ltr'>leones.“</span> 
     </span>
    </p>

    <p class='ocr_par' dir='ltr' id='par_1_5' title="bbox 209 1128 1591 2177">
     <span class='ocr_line' id='line_1_7' title="bbox 319 1128 1545 1214; baseline -0.001 -18"><span class='ocrx_word' id='word_1_44' title='bbox 319 1128 420 1197; x_wconf 88' lang='lat' dir='ltr'>Hunc</span> <span class='ocrx_word' id='word_1_45' title='bbox 443 1131 555 1198; x_wconf 92' lang='lat' dir='ltr'>locum</span> <span class='ocrx_word' id='word_1_46' title='bbox 579 1130 625 1197; x_wconf 91' lang='lat' dir='ltr'>ita</span> <span class='ocrx_word' id='word_1_47' title='bbox 649 1130 858 1214; x_wconf 88' lang='lat' dir='ltr'>interpretor,</span> <span class='ocrx_word' id='word_1_48' title='bbox 883 1131 919 1197; x_wconf 90' lang='lat' dir='ltr'>ut</span> <span class='ocrx_word' id='word_1_49' title='bbox 941 1129 1060 1197; x_wconf 88' lang='lat' dir='ltr'>leones</span> <span class='ocrx_word' id='word_1_50' title='bbox 1087 1137 1237 1214; x_wconf 86' lang='lat' dir='ltr'>„pone“</span> <span class='ocrx_word' id='word_1_51' title='bbox 1266 1130 1384 1214; x_wconf 91' lang='lat' dir='ltr'>(altera</span> <span class='ocrx_word' id='word_1_52' title='bbox 1408 1129 1478 1196; x_wconf 92' lang='lat' dir='ltr'>scil.</span> <span class='ocrx_word' id='word_1_53' title='bbox 1504 1147 1545 1196; x_wconf 84' lang='lat' dir='ltr'>ex</span> 
     </span>
     <span class='ocr_line' id='line_1_8' title="bbox 213 1235 1546 1322; baseline -0.001 -19"><span class='ocrx_word' id='word_1_54' title='bbox 213 1239 319 1321; x_wconf 85' lang='lat' dir='ltr'>parte:</span> <span class='ocrx_word' id='word_1_55' title='bbox 346 1237 402 1322; x_wconf 88' lang='lat' dir='ltr'>ad)</span> <span class='ocrx_word' id='word_1_56' title='bbox 436 1238 551 1322; x_wconf 87' lang='lat' dir='ltr'>portas</span> <span class='ocrx_word' id='word_1_57' title='bbox 579 1236 733 1305; x_wconf 92' lang='lat' dir='ltr'>collocati</span> <span class='ocrx_word' id='word_1_58' title='bbox 763 1236 840 1313; x_wconf 90' lang='lat' dir='ltr'>sint,</span> <span class='ocrx_word' id='word_1_59' title='bbox 869 1236 950 1322; x_wconf 91' lang='lat' dir='ltr'>quia</span> <span class='ocrx_word' id='word_1_60' title='bbox 977 1235 1130 1304; x_wconf 88' lang='lat' dir='ltr'>morituri</span> <span class='ocrx_word' id='word_1_61' title='bbox 1159 1236 1298 1303; x_wconf 89' lang='lat' dir='ltr'>demum</span> <span class='ocrx_word' id='word_1_62' title='bbox 1324 1236 1429 1322; x_wconf 91' lang='lat' dir='ltr'>portis</span> <span class='ocrx_word' id='word_1_63' title='bbox 1455 1238 1546 1321; x_wconf 91' lang='lat' dir='ltr'>pate-</span> 
     </span>
     <span class='ocr_line' id='line_1_9' title="bbox 212 1341 1547 1430; baseline 0.001 -22"><span class='ocrx_word' id='word_1_64' title='bbox 212 1341 309 1412; x_wconf 82' lang='lat' dir='ltr'><strong>factis</strong></span> <span class='ocrx_word' id='word_1_65' title='bbox 333 1359 473 1411; x_wconf 85' lang='lat' dir='ltr'>arenam</span> <span class='ocrx_word' id='word_1_66' title='bbox 502 1342 640 1412; x_wconf 89' lang='lat' dir='ltr'>introire</span> <span class='ocrx_word' id='word_1_67' title='bbox 675 1341 847 1420; x_wconf 91' lang='lat' dir='ltr'>solebant;</span> <span class='ocrx_word' id='word_1_68' title='bbox 882 1360 1010 1411; x_wconf 88' lang='lat' dir='ltr'>caveae</span> <span class='ocrx_word' id='word_1_69' title='bbox 1033 1360 1116 1411; x_wconf 88' lang='lat' dir='ltr'>vero</span> <span class='ocrx_word' id='word_1_70' title='bbox 1154 1343 1361 1430; x_wconf 88' lang='lat' dir='ltr'>,undique</span> <span class='ocrx_word' id='word_1_71' title='bbox 1397 1344 1547 1412; x_wconf 93' lang='lat' dir='ltr'>circum</span> 
     </span>
     <span class='ocr_line' id='line_1_10' title="bbox 212 1447 1547 1535; baseline 0 -18"><span class='ocrx_word' id='word_1_72' title='bbox 212 1451 428 1518; x_wconf 86' lang='lat' dir='ltr'>barenam“</span> <span class='ocrx_word' id='word_1_73' title='bbox 456 1449 585 1535; x_wconf 80' lang='lat' dir='ltr'>positae</span> <span class='ocrx_word' id='word_1_74' title='bbox 610 1452 716 1527; x_wconf 91' lang='lat' dir='ltr'>erant,</span> <span class='ocrx_word' id='word_1_75' title='bbox 733 1449 831 1518; x_wconf 91' lang='lat' dir='ltr'>cuius</span> <span class='ocrx_word' id='word_1_76' title='bbox 853 1449 1000 1518; x_wconf 85' lang='lat' dir='ltr'>formam</span> <span class='ocrx_word' id='word_1_77' title='bbox 1025 1450 1163 1518; x_wconf 91' lang='lat' dir='ltr'>circuitu</span> <span class='ocrx_word' id='word_1_78' title='bbox 1190 1449 1417 1519; x_wconf 78' lang='lat' dir='ltr'>imitabantur.</span> <span class='ocrx_word' id='word_1_79' title='bbox 1465 1447 1547 1518; x_wconf 86' lang='lat' dir='ltr'>Post</span> 
     </span>
     <span class='ocr_line' id='line_1_11' title="bbox 213 1553 1546 1644; baseline 0.001 -21"><span class='ocrx_word' id='word_1_80' title='bbox 213 1558 278 1626; x_wconf 88' lang='lat' dir='ltr'>hoc</span> <span class='ocrx_word' id='word_1_81' title='bbox 300 1574 508 1644; x_wconf 92' lang='lat' dir='ltr'>quamquam</span> <span class='ocrx_word' id='word_1_82' title='bbox 534 1558 593 1635; x_wconf 89' lang='lat' dir='ltr'>eis,</span> <span class='ocrx_word' id='word_1_83' title='bbox 610 1574 698 1644; x_wconf 87' lang='lat' dir='ltr'>quae</span> <span class='ocrx_word' id='word_1_84' title='bbox 722 1553 936 1642; x_wconf 69' lang='lat' dir='ltr'>Markland⁸J</span> <span class='ocrx_word' id='word_1_85' title='bbox 954 1556 996 1623; x_wconf 87' lang='lat' dir='ltr'>de</span> <span class='ocrx_word' id='word_1_86' title='bbox 1020 1556 1124 1625; x_wconf 90' lang='lat' dir='ltr'>verbo</span> <span class='ocrx_word' id='word_1_87' title='bbox 1151 1557 1341 1633; x_wconf 83' lang='lat' dir='ltr'>„timere“</span> <span class='ocrx_word' id='word_1_88' title='bbox 1360 1555 1546 1642; x_wconf 75' lang='lat' dir='ltr'>profitetur,</span> 
     </span>
     <span class='ocr_line' id='line_1_12' title="bbox 212 1663 1546 1750; baseline -0.002 -17"><span class='ocrx_word' id='word_1_89' title='bbox 212 1663 345 1733; x_wconf 90' lang='lat' dir='ltr'>silentio</span> <span class='ocrx_word' id='word_1_90' title='bbox 368 1663 524 1731; x_wconf 83' lang='lat' dir='ltr'>assentiri</span> <span class='ocrx_word' id='word_1_91' title='bbox 549 1681 693 1750; x_wconf 88' lang='lat' dir='ltr'><strong>nequeo,</strong></span> <span class='ocrx_word' id='word_1_92' title='bbox 717 1663 824 1731; x_wconf 89' lang='lat' dir='ltr'>nihilo</span> <span class='ocrx_word' id='word_1_93' title='bbox 847 1663 962 1730; x_wconf 93' lang='lat' dir='ltr'>minus</span> <span class='ocrx_word' id='word_1_94' title='bbox 988 1666 1188 1740; x_wconf 85' lang='lat' dir='ltr'>„tumere“</span> <span class='ocrx_word' id='word_1_95' title='bbox 1215 1663 1405 1732; x_wconf 88' lang='lat' dir='ltr'>adsciscere</span> <span class='ocrx_word' id='word_1_96' title='bbox 1429 1680 1546 1750; x_wconf 87' lang='lat' dir='ltr'>cogor,</span> 
     </span>
     <span class='ocr_line' id='line_1_13' title="bbox 212 1769 1591 1858; baseline 0.004 -20"><span class='ocrx_word' id='word_1_97' title='bbox 212 1771 410 1857; x_wconf 90' lang='lat' dir='ltr'>praesertim</span> <span class='ocrx_word' id='word_1_98' title='bbox 435 1787 512 1837; x_wconf 94' lang='lat' dir='ltr'>cum</span> <span class='ocrx_word' id='word_1_99' title='bbox 538 1789 606 1858; x_wconf 91' lang='lat' dir='ltr'>non</span> <span class='ocrx_word' id='word_1_100' title='bbox 632 1769 789 1847; x_wconf 88' lang='lat' dir='ltr'>habeam,</span> <span class='ocrx_word' id='word_1_101' title='bbox 807 1769 897 1837; x_wconf 88' lang='lat' dir='ltr'>unde</span> <span class='ocrx_word' id='word_1_102' title='bbox 921 1772 1141 1856; x_wconf 84' lang='lat' dir='ltr'>argumenter</span> <span class='ocrx_word' id='word_1_103' title='bbox 1165 1789 1207 1838; x_wconf 89' lang='lat' dir='ltr'>ex</span> <span class='ocrx_word' id='word_1_104' title='bbox 1234 1771 1422 1849; x_wconf 84' lang='lat' dir='ltr'>,timere“</span> <span class='ocrx_word' id='word_1_105' title='bbox 1450 1787 1548 1838; x_wconf 88' lang='lat' dir='ltr'>accu·</span> <span class='ocrx_word' id='word_1_106' title='bbox 1589 1839 1591 1844; x_wconf 79' lang='grc'><strong>,</strong></span> 
     </span>
     <span class='ocr_line' id='line_1_14' title="bbox 210 1875 1545 1964; baseline -0.003 -17"><span class='ocrx_word' id='word_1_107' title='bbox 210 1879 358 1947; x_wconf 90' lang='lat' dir='ltr'>sativum</span> <span class='ocrx_word' id='word_1_108' title='bbox 375 1895 452 1944; x_wconf 94' lang='lat' dir='ltr'>cum</span> <span class='ocrx_word' id='word_1_109' title='bbox 469 1875 635 1945; x_wconf 82' lang='lat' dir='ltr'>infinitivo</span> <span class='ocrx_word' id='word_1_110' title='bbox 652 1876 810 1962; x_wconf 86' lang='lat' dir='ltr'>pendere.</span> <span class='ocrx_word' id='word_1_111' title='bbox 860 1875 1079 1953; x_wconf 85' lang='lat' dir='ltr'>„Tument“</span> <span class='ocrx_word' id='word_1_112' title='bbox 1106 1895 1190 1964; x_wconf 85' lang='lat' dir='ltr'>ergo</span> <span class='ocrx_word' id='word_1_113' title='bbox 1206 1878 1325 1946; x_wconf 89' lang='lat' dir='ltr'>leones</span> <span class='ocrx_word' id='word_1_114' title='bbox 1344 1877 1545 1963; x_wconf 87' lang='lat' dir='ltr'>,placidi“</span> 
     </span>
     <span class='ocr_line' id='line_1_15' title="bbox 210 1983 1546 2073; baseline -0.001 -21"><span class='ocrx_word' id='word_1_115' title='bbox 210 1987 243 2069; x_wconf 85' lang='lat' dir='ltr'>(i.</span> <span class='ocrx_word' id='word_1_116' title='bbox 268 2005 321 2073; x_wconf 87' lang='lat' dir='ltr'>qu.</span> <span class='ocrx_word' id='word_1_117' title='bbox 347 1984 478 2069; x_wconf 85' lang='lat' dir='ltr'>domiti)</span> <span class='ocrx_word' id='word_1_118' title='bbox 501 1984 568 2052; x_wconf 88' lang='lat' dir='ltr'>tale</span> <span class='ocrx_word' id='word_1_119' title='bbox 592 1983 690 2052; x_wconf 83' lang='lat' dir='ltr'>nefas</span> <span class='ocrx_word' id='word_1_120' title='bbox 713 1984 860 2061; x_wconf 85' lang='lat' dir='ltr'>licuisse,</span> <span class='ocrx_word' id='word_1_121' title='bbox 885 1984 905 2050; x_wconf 94' lang='lat' dir='ltr'>i.</span> <span class='ocrx_word' id='word_1_122' title='bbox 931 2002 959 2050; x_wconf 90' lang='lat' dir='ltr'>e.</span> <span class='ocrx_word' id='word_1_123' title='bbox 984 1987 1193 2054; x_wconf 86' lang='lat' dir='ltr'>vastatorem</span> <span class='ocrx_word' id='word_1_124' title='bbox 1230 1987 1366 2052; x_wconf 89' lang='lat' dir='ltr'>doctum</span> <span class='ocrx_word' id='word_1_125' title='bbox 1397 1984 1546 2051; x_wconf 85' lang='lat' dir='ltr'>ferarum</span> 
     </span>
     <span class='ocr_line' id='line_1_16' title="bbox 209 2088 1029 2177; baseline -0.002 -17"><span class='ocrx_word' id='word_1_126' title='bbox 209 2094 353 2161; x_wconf 90' lang='lat' dir='ltr'>altarum</span> <span class='ocrx_word' id='word_1_127' title='bbox 381 2090 590 2177; x_wconf 84' lang='lat' dir='ltr'>„fugiente</span> <span class='ocrx_word' id='word_1_128' title='bbox 613 2088 726 2158; x_wconf 86' lang='lat' dir='ltr'>tera“</span> <span class='ocrx_word' id='word_1_129' title='bbox 753 2090 841 2157; x_wconf 90' lang='lat' dir='ltr'>vinci</span> <span class='ocrx_word' id='word_1_130' title='bbox 867 2091 1029 2176; x_wconf 90' lang='lat' dir='ltr'>potuisse.</span> 
     </span>
    </p>

    <p class='ocr_par' dir='ltr' id='par_1_6' title="bbox 210 2195 1547 2606">
     <span class='ocr_line' id='line_1_17' title="bbox 316 2195 1547 2284; baseline -0.002 -18"><span class='ocrx_word' id='word_1_131' title='bbox 316 2195 475 2266; x_wconf 85' lang='lat' dir='ltr'>Ceterum</span> <span class='ocrx_word' id='word_1_132' title='bbox 499 2215 587 2283; x_wconf 90' lang='lat' dir='ltr'>quae</span> <span class='ocrx_word' id='word_1_133' title='bbox 611 2197 664 2264; x_wconf 87' lang='lat' dir='ltr'>vel</span> <span class='ocrx_word' id='word_1_134' title='bbox 689 2196 801 2283; x_wconf 92' lang='lat' dir='ltr'>qualis</span> <span class='ocrx_word' id='word_1_135' title='bbox 825 2195 923 2264; x_wconf 85' lang='lat' dir='ltr'>luerit</span> <span class='ocrx_word' id='word_1_136' title='bbox 955 2195 1166 2284; x_wconf 84' lang='lat' dir='ltr'>„fugiens“</span> <span class='ocrx_word' id='word_1_137' title='bbox 1195 2197 1250 2265; x_wconf 92' lang='lat' dir='ltr'>illa</span> <span class='ocrx_word' id='word_1_138' title='bbox 1273 2197 1355 2276; x_wconf 87' lang='lat' dir='ltr'>iera,</span> <span class='ocrx_word' id='word_1_139' title='bbox 1380 2197 1454 2266; x_wconf 92' lang='lat' dir='ltr'>sine</span> <span class='ocrx_word' id='word_1_140' title='bbox 1479 2197 1547 2264; x_wconf 92' lang='lat' dir='ltr'>ulla</span> 
     </span>
     <span class='ocr_line' id='line_1_18' title="bbox 210 2302 1546 2391; baseline -0.002 -18"><span class='ocrx_word' id='word_1_141' title='bbox 210 2305 418 2373; x_wconf 90' lang='lat' dir='ltr'>dubitatione</span> <span class='ocrx_word' id='word_1_142' title='bbox 448 2302 588 2371; x_wconf 82' lang='lat' dir='ltr'>definire</span> <span class='ocrx_word' id='word_1_143' title='bbox 617 2321 686 2370; x_wconf 93' lang='lat' dir='ltr'>non</span> <span class='ocrx_word' id='word_1_144' title='bbox 720 2303 843 2381; x_wconf 90' lang='lat' dir='ltr'>ausim,</span> <span class='ocrx_word' id='word_1_145' title='bbox 872 2304 933 2371; x_wconf 91' lang='lat' dir='ltr'>sed</span> <span class='ocrx_word' id='word_1_146' title='bbox 962 2322 1072 2389; x_wconf 90' lang='lat' dir='ltr'>paene</span> <span class='ocrx_word' id='word_1_147' title='bbox 1100 2304 1223 2390; x_wconf 89' lang='lat' dir='ltr'>opinor</span> <span class='ocrx_word' id='word_1_148' title='bbox 1251 2323 1400 2391; x_wconf 86' lang='lat' dir='ltr'>anguem</span> <span class='ocrx_word' id='word_1_149' title='bbox 1429 2303 1546 2380; x_wconf 87' lang='lat' dir='ltr'>luisse,</span> 
     </span>
     <span class='ocr_line' id='line_1_19' title="bbox 210 2407 1546 2499; baseline -0.001 -20"><span class='ocrx_word' id='word_1_150' title='bbox 210 2412 266 2499; x_wconf 96' lang='lat' dir='ltr'>qui</span> <span class='ocrx_word' id='word_1_151' title='bbox 286 2411 407 2481; x_wconf 90' lang='lat' dir='ltr'>eodem</span> <span class='ocrx_word' id='word_1_152' title='bbox 428 2411 499 2479; x_wconf 88' lang='lat' dir='ltr'>fere</span> <span class='ocrx_word' id='word_1_153' title='bbox 517 2428 621 2479; x_wconf 92' lang='lat' dir='ltr'>sensu</span> <span class='ocrx_word' id='word_1_154' title='bbox 642 2407 866 2495; x_wconf 81' lang='lat' dir='ltr'>„lubricus“⁴)</span> <span class='ocrx_word' id='word_1_155' title='bbox 884 2410 1082 2496; x_wconf 91' lang='lat' dir='ltr'>appellatur,</span> <span class='ocrx_word' id='word_1_156' title='bbox 1100 2412 1127 2478; x_wconf 91' lang='lat' dir='ltr'>si</span> <span class='ocrx_word' id='word_1_157' title='bbox 1146 2412 1222 2497; x_wconf 92' lang='lat' dir='ltr'>quis</span> <span class='ocrx_word' id='word_1_158' title='bbox 1242 2411 1383 2479; x_wconf 91' lang='lat' dir='ltr'>omnino</span> <span class='ocrx_word' id='word_1_159' title='bbox 1397 2411 1546 2496; x_wconf 90' lang='lat' dir='ltr'>speciem</span> 
     </span>
     <span class='ocr_line' id='line_1_20' title="bbox 211 2516 1547 2606; baseline -0.001 -19"><span class='ocrx_word' id='word_1_160' title='bbox 211 2519 303 2587; x_wconf 89' lang='lat' dir='ltr'>terae</span> <span class='ocrx_word' id='word_1_161' title='bbox 333 2516 519 2606; x_wconf 85' lang='lat' dir='ltr'>significari</span> <span class='ocrx_word' id='word_1_162' title='bbox 549 2518 629 2585; x_wconf 88' lang='lat' dir='ltr'>vult.</span> <span class='ocrx_word' id='word_1_163' title='bbox 678 2516 758 2584; x_wconf 89' lang='lat' dir='ltr'>lctu</span> <span class='ocrx_word' id='word_1_164' title='bbox 784 2518 827 2600; x_wconf 81' lang='lat' dir='ltr'>(v.</span> <span class='ocrx_word' id='word_1_165' title='bbox 858 2519 909 2604; x_wconf 82' lang='lat' dir='ltr'>lo)</span> <span class='ocrx_word' id='word_1_166' title='bbox 935 2518 999 2584; x_wconf 91' lang='lat' dir='ltr'>bac</span> <span class='ocrx_word' id='word_1_167' title='bbox 1024 2519 1057 2584; x_wconf 91' lang='lat' dir='ltr'>in</span> <span class='ocrx_word' id='word_1_168' title='bbox 1082 2535 1117 2586; x_wconf 91' lang='lat' dir='ltr'>re</span> <span class='ocrx_word' id='word_1_169' title='bbox 1142 2518 1323 2586; x_wconf 91' lang='lat' dir='ltr'>discrimen</span> <span class='ocrx_word' id='word_1_170' title='bbox 1346 2517 1419 2585; x_wconf 82' lang='lat' dir='ltr'>lieri</span> <span class='ocrx_word' id='word_1_171' title='bbox 1444 2536 1547 2605; x_wconf 84' lang='lat' dir='ltr'>nego,</span> 
     </span>
    </p>
   </div>
   <div class='ocr_carea' id='block_1_4' title="bbox 208 2622 1228 2714">
    <p class='ocr_par' dir='ltr' id='par_1_7' title="bbox 208 2622 1228 2714">
     <span class='ocr_line' id='line_1_21' title="bbox 208 2622 1228 2714; baseline -0.005 -21"><span class='ocrx_word' id='word_1_172' title='bbox 208 2626 301 2712; x_wconf 90' lang='lat' dir='ltr'>quod</span> <span class='ocrx_word' id='word_1_173' title='bbox 326 2642 402 2692; x_wconf 94' lang='lat' dir='ltr'>cum</span> <span class='ocrx_word' id='word_1_174' title='bbox 428 2624 573 2691; x_wconf 89' lang='lat' dir='ltr'>aliarum</span> <span class='ocrx_word' id='word_1_175' title='bbox 598 2626 649 2692; x_wconf 90' lang='lat' dir='ltr'>est</span> <span class='ocrx_word' id='word_1_176' title='bbox 671 2623 856 2708; x_wconf 88' lang='lat' dir='ltr'>bestiarum</span> <span class='ocrx_word' id='word_1_177' title='bbox 882 2625 954 2691; x_wconf 91' lang='lat' dir='ltr'>tum</span> <span class='ocrx_word' id='word_1_178' title='bbox 979 2622 1228 2714; x_wconf 79' lang='lat' dir='ltr'>serpentium.⁵)</span> 
     </span>
    </p>
   </div>
   <div class='ocr_carea' id='block_1_5' title="bbox 203 2783 1545 3726">
    <p class='ocr_par' dir='ltr' id='par_1_8' title="bbox 203 2783 1545 3513">
     <span class='ocr_line' id='line_1_22' title="bbox 313 2783 1544 2862; baseline -0.002 -8"><span class='ocrx_word' id='word_1_179' title='bbox 313 2805 344 2854; x_wconf 89' lang='lat' dir='ltr'>v.</span> <span class='ocrx_word' id='word_1_180' title='bbox 374 2792 427 2853; x_wconf 82' lang='lat'>15:</span> <span class='ocrx_word' id='word_1_181' title='bbox 460 2787 522 2862; x_wconf 88' lang='lat' dir='ltr'>„et</span> <span class='ocrx_word' id='word_1_182' title='bbox 545 2786 651 2852; x_wconf 90' lang='lat' dir='ltr'>totas</span> <span class='ocrx_word' id='word_1_183' title='bbox 675 2784 827 2850; x_wconf 86' lang='lat' dir='ltr'>duxere</span> <span class='ocrx_word' id='word_1_184' title='bbox 851 2784 891 2850; x_wconf 94' lang='lat' dir='ltr'>in</span> <span class='ocrx_word' id='word_1_185' title='bbox 914 2785 1069 2852; x_wconf 90' lang='lat' dir='ltr'>lumina</span> <span class='ocrx_word' id='word_1_186' title='bbox 1090 2783 1283 2852; x_wconf 86' lang='lat' dir='ltr'>trontes.“</span> <span class='ocrx_word' id='word_1_187' title='bbox 1336 2784 1544 2862; x_wconf 86' lang='lat' dir='ltr'>„Limina“</span> 
     </span>
     <span class='ocr_line' id='line_1_23' title="bbox 206 2889 1542 2977; baseline -0.001 -17"><span class='ocrx_word' id='word_1_188' title='bbox 206 2893 332 2962; x_wconf 91' lang='lat' dir='ltr'>codicis</span> <span class='ocrx_word' id='word_1_189' title='bbox 355 2889 631 2959; x_wconf 88' lang='lat' dir='ltr'>Vratislaviensis</span> <span class='ocrx_word' id='word_1_190' title='bbox 655 2907 715 2974; x_wconf 90' lang='lat' dir='ltr'>per</span> <span class='ocrx_word' id='word_1_191' title='bbox 738 2908 775 2958; x_wconf 88' lang='lat' dir='ltr'>se</span> <span class='ocrx_word' id='word_1_192' title='bbox 800 2890 987 2959; x_wconf 94' lang='lat' dir='ltr'>admodum</span> <span class='ocrx_word' id='word_1_193' title='bbox 1018 2893 1098 2958; x_wconf 90' lang='lat' dir='ltr'>sunt</span> <span class='ocrx_word' id='word_1_194' title='bbox 1130 2891 1331 2976; x_wconf 85' lang='lat' dir='ltr'>probabilia:</span> <span class='ocrx_word' id='word_1_195' title='bbox 1362 2894 1542 2977; x_wconf 88' lang='lat' dir='ltr'>postquam</span> 
     </span>
     <span class='ocr_line' id='line_1_24' title="bbox 206 2996 1544 3084; baseline -0.002 -17"><span class='ocrx_word' id='word_1_196' title='bbox 206 2999 305 3067; x_wconf 88' lang='lat' dir='ltr'>iubae</span> <span class='ocrx_word' id='word_1_197' title='bbox 321 2999 460 3067; x_wconf 92' lang='lat' dir='ltr'>leonum</span> <span class='ocrx_word' id='word_1_198' title='bbox 477 2997 639 3074; x_wconf 89' lang='lat' dir='ltr'>cecidere,</span> <span class='ocrx_word' id='word_1_199' title='bbox 657 2998 676 3063; x_wconf 92' lang='lat' dir='ltr'>i.</span> <span class='ocrx_word' id='word_1_200' title='bbox 695 3015 723 3063; x_wconf 90' lang='lat' dir='ltr'>e.</span> <span class='ocrx_word' id='word_1_201' title='bbox 741 2999 923 3084; x_wconf 88' lang='lat' dir='ltr'>postquam</span> <span class='ocrx_word' id='word_1_202' title='bbox 949 2998 999 3065; x_wconf 92' lang='lat' dir='ltr'>ira</span> <span class='ocrx_word' id='word_1_203' title='bbox 1015 2996 1177 3083; x_wconf 67' lang='lat' dir='ltr'>ceciditssl,</span> <span class='ocrx_word' id='word_1_204' title='bbox 1196 2999 1298 3084; x_wconf 91' lang='lat' dir='ltr'>pudet</span> <span class='ocrx_word' id='word_1_205' title='bbox 1318 3017 1379 3066; x_wconf 94' lang='lat' dir='ltr'>eos</span> <span class='ocrx_word' id='word_1_206' title='bbox 1400 2998 1544 3066; x_wconf 89' lang='lat' dir='ltr'>relatum</span> 
     </span>
     <span class='ocr_line' id='line_1_25' title="bbox 206 3100 1544 3192; baseline -0.002 -18"><span class='ocrx_word' id='word_1_207' title='bbox 206 3107 381 3192; x_wconf 91' lang='lat' dir='ltr'>adspicere</span> <span class='ocrx_word' id='word_1_208' title='bbox 405 3108 437 3173; x_wconf 91' lang='lat' dir='ltr'>et</span> <span class='ocrx_word' id='word_1_209' title='bbox 463 3107 597 3184; x_wconf 88' lang='lat' dir='ltr'>,totas</span> <span class='ocrx_word' id='word_1_210' title='bbox 624 3100 841 3190; x_wconf 77' lang='lat' dir='ltr'>frontes“⁷)</span> <span class='ocrx_word' id='word_1_211' title='bbox 868 3105 900 3188; x_wconf 89' lang='lat' dir='ltr'>(i.</span> <span class='ocrx_word' id='word_1_212' title='bbox 920 3123 975 3190; x_wconf 95' lang='lat' dir='ltr'>qu.</span> <span class='ocrx_word' id='word_1_213' title='bbox 994 3106 1123 3183; x_wconf 88' lang='lat' dir='ltr'>oculos,</span> <span class='ocrx_word' id='word_1_214' title='bbox 1148 3105 1283 3190; x_wconf 84' lang='lat' dir='ltr'>capita),</span> <span class='ocrx_word' id='word_1_215' title='bbox 1309 3105 1431 3192; x_wconf 90' lang='lat' dir='ltr'>quippe</span> <span class='ocrx_word' id='word_1_216' title='bbox 1456 3122 1544 3191; x_wconf 92' lang='lat' dir='ltr'>quae</span> 
     </span>
     <span class='ocr_line' id='line_1_26' title="bbox 203 3212 1545 3290; baseline -0.001 -10"><span class='ocrx_word' id='word_1_217' title='bbox 203 3213 367 3290; x_wconf 89' lang='lat' dir='ltr'>tristitiae,</span> <span class='ocrx_word' id='word_1_218' title='bbox 400 3213 586 3289; x_wconf 88' lang='lat' dir='ltr'>hilaritatis,</span> <span class='ocrx_word' id='word_1_219' title='bbox 618 3212 828 3290; x_wconf 90' lang='lat' dir='ltr'>clementiae,</span> <span class='ocrx_word' id='word_1_220' title='bbox 861 3213 1051 3280; x_wconf 90' lang='lat' dir='ltr'>severitatis</span> <span class='ocrx_word' id='word_1_221' title='bbox 1083 3213 1150 3280; x_wconf 91' lang='lat' dir='ltr'>sint</span> <span class='ocrx_word' id='word_1_222' title='bbox 1185 3213 1312 3281; x_wconf 89' lang='lat' dir='ltr'>indices</span> <span class='ocrx_word' id='word_1_223' title='bbox 1341 3214 1406 3290; x_wconf 86' lang='lat' dir='ltr'>vel,</span> <span class='ocrx_word' id='word_1_224' title='bbox 1435 3215 1471 3280; x_wconf 92' lang='lat' dir='ltr'>ut</span> <span class='ocrx_word' id='word_1_225' title='bbox 1499 3213 1545 3280; x_wconf 89' lang='lat' dir='ltr'>ait</span> 
     </span>
     <span class='ocr_line' id='line_1_27' title="bbox 206 3317 1543 3406; baseline -0.003 -17"><span class='ocrx_word' id='word_1_226' title='bbox 206 3318 335 3398; x_wconf 89' lang='lat' dir='ltr'>Cicero,</span> <span class='ocrx_word' id='word_1_227' title='bbox 366 3320 490 3388; x_wconf 88' lang='lat' dir='ltr'>ianuae</span> <span class='ocrx_word' id='word_1_228' title='bbox 521 3317 760 3403; x_wconf 81' lang='lat' dir='ltr'>animorum⁸l,</span> <span class='ocrx_word' id='word_1_229' title='bbox 785 3319 820 3384; x_wconf 94' lang='lat' dir='ltr'>in</span> <span class='ocrx_word' id='word_1_230' title='bbox 851 3319 1043 3396; x_wconf 77' lang='lat' dir='ltr'>„limina“</span> <span class='ocrx_word' id='word_1_231' title='bbox 1075 3321 1202 3388; x_wconf 92' lang='lat' dir='ltr'>ducunt</span> <span class='ocrx_word' id='word_1_232' title='bbox 1232 3320 1265 3402; x_wconf 81' lang='lat' dir='ltr'>(i.</span> <span class='ocrx_word' id='word_1_233' title='bbox 1290 3339 1345 3406; x_wconf 88' lang='lat' dir='ltr'>qu.</span> <span class='ocrx_word' id='word_1_234' title='bbox 1371 3318 1543 3404; x_wconf 82' lang='lat' dir='ltr'>ostium⁹)‚</span> 
     </span>
     <span class='ocr_line' id='line_1_28' title="bbox 206 3425 1355 3513; baseline -0.002 -19"><span class='ocrx_word' id='word_1_235' title='bbox 206 3445 274 3512; x_wconf 92' lang='lat' dir='ltr'>quo</span> <span class='ocrx_word' id='word_1_236' title='bbox 298 3429 455 3494; x_wconf 91' lang='lat' dir='ltr'>tenentur</span> <span class='ocrx_word' id='word_1_237' title='bbox 477 3426 646 3511; x_wconf 84' lang='lat' dir='ltr'>carceris),</span> <span class='ocrx_word' id='word_1_238' title='bbox 671 3425 877 3493; x_wconf 89' lang='lat' dir='ltr'>contumelia</span> <span class='ocrx_word' id='word_1_239' title='bbox 901 3426 964 3511; x_wconf 92' lang='lat' dir='ltr'>ipsi</span> <span class='ocrx_word' id='word_1_240' title='bbox 989 3445 1126 3513; x_wconf 91' lang='lat' dir='ltr'>quoque</span> <span class='ocrx_word' id='word_1_241' title='bbox 1149 3425 1254 3494; x_wconf 84' lang='lat' dir='ltr'>tracti.</span> <span class='ocrx_word' id='word_1_242' title='bbox 1353 3435 1355 3439; x_wconf 82' lang='grc'><em>·</em></span> 
     </span>
    </p>

    <p class='ocr_par' dir='ltr' id='par_1_9' title="bbox 204 3530 1538 3726">
     <span class='ocr_line' id='line_1_29' title="bbox 314 3530 1538 3620; baseline 0.001 -20"><span class='ocrx_word' id='word_1_243' title='bbox 314 3530 457 3610; x_wconf 88' lang='lat' dir='ltr'>„Totas</span> <span class='ocrx_word' id='word_1_244' title='bbox 485 3531 677 3601; x_wconf 83' lang='lat' dir='ltr'>frontes“.</span> <span class='ocrx_word' id='word_1_245' title='bbox 735 3531 904 3609; x_wconf 83' lang='lat' dir='ltr'>„Totus“</span> <span class='ocrx_word' id='word_1_246' title='bbox 939 3536 971 3600; x_wconf 89' lang='lat' dir='ltr'>et</span> <span class='ocrx_word' id='word_1_247' title='bbox 1003 3534 1191 3612; x_wconf 87' lang='lat' dir='ltr'>„omnis“,</span> <span class='ocrx_word' id='word_1_248' title='bbox 1227 3534 1383 3602; x_wconf 90' lang='lat' dir='ltr'>diversae</span> <span class='ocrx_word' id='word_1_249' title='bbox 1412 3552 1538 3620; x_wconf 90' lang='lat' dir='ltr'>perse</span> 
     </span>
     <span class='ocr_line' id='line_1_30' title="bbox 204 3636 1536 3726; baseline -0.001 -21"><span class='ocrx_word' id='word_1_250' title='bbox 204 3636 361 3725; x_wconf 84' lang='lat' dir='ltr'>voces¹⁰)‚</span> <span class='ocrx_word' id='word_1_251' title='bbox 397 3639 565 3706; x_wconf 90' lang='lat' dir='ltr'>interdum</span> <span class='ocrx_word' id='word_1_252' title='bbox 602 3638 865 3717; x_wconf 87' lang='lat' dir='ltr'>contunduntur,</span> <span class='ocrx_word' id='word_1_253' title='bbox 902 3643 937 3707; x_wconf 89' lang='lat' dir='ltr'>ut</span> <span class='ocrx_word' id='word_1_254' title='bbox 972 3640 1077 3707; x_wconf 89' lang='lat' dir='ltr'>altera</span> <span class='ocrx_word' id='word_1_255' title='bbox 1105 3643 1345 3726; x_wconf 90' lang='lat' dir='ltr'>compensetur</span> <span class='ocrx_word' id='word_1_256' title='bbox 1376 3639 1536 3724; x_wconf 54' lang='lat' dir='ltr'>alterae).</span> 
     </span>
    </p>
   </div>
   <div class='ocr_carea' id='block_1_6' title="bbox 305 3814 1463 4780">
    <p class='ocr_par' dir='ltr' id='par_1_10' title="bbox 310 3814 1011 3886">
     <span class='ocr_line' id='line_1_31' title="bbox 310 3814 1011 3886; baseline 0.001 -14"><span class='ocrx_word' id='word_1_257' title='bbox 310 3814 385 3886; x_wconf 78' lang='grc' dir='ltr'>1)ε1.</span> <span class='ocrx_word' id='word_1_258' title='bbox 405 3817 543 3882; x_wconf 83' lang='grc'><strong>1113,39;</strong></span> <span class='ocrx_word' id='word_1_259' title='bbox 563 3815 624 3881; x_wconf 81' lang='lat' dir='ltr'>V3,</span> <span class='ocrx_word' id='word_1_260' title='bbox 645 3822 687 3875; x_wconf 88' lang='grc'>59,</span> <span class='ocrx_word' id='word_1_261' title='bbox 725 3816 810 3872; x_wconf 85' lang='lat' dir='ltr'>Plaut.</span> <span class='ocrx_word' id='word_1_262' title='bbox 830 3817 930 3874; x_wconf 88' lang='lat' dir='ltr'>Bacch.</span> <span class='ocrx_word' id='word_1_263' title='bbox 953 3821 1011 3873; x_wconf 81' lang='grc'><strong>133.</strong></span> 
     </span>
    </p>

    <p class='ocr_par' dir='ltr' id='par_1_11' title="bbox 309 3905 741 3976">
     <span class='ocr_line' id='line_1_32' title="bbox 309 3905 741 3976; baseline -0.005 -15"><span class='ocrx_word' id='word_1_264' title='bbox 309 3906 332 3975; x_wconf 86' lang='lat'>²)</span> <span class='ocrx_word' id='word_1_265' title='bbox 351 3905 384 3961; x_wconf 88' lang='lat' dir='ltr'>cl.</span> <span class='ocrx_word' id='word_1_266' title='bbox 404 3906 483 3961; x_wconf 84' lang='lat' dir='ltr'>Mart.</span> <span class='ocrx_word' id='word_1_267' title='bbox 503 3906 595 3976; x_wconf 86' lang='lat' dir='ltr'>Epigr.</span> <span class='ocrx_word' id='word_1_268' title='bbox 615 3905 633 3960; x_wconf 98' lang='lat' dir='ltr'>ll</span> <span class='ocrx_word' id='word_1_269' title='bbox 653 3910 695 3969; x_wconf 83' lang='grc'>75,</span> <span class='ocrx_word' id='word_1_270' title='bbox 715 3911 741 3961; x_wconf 88' lang='lat'>2.</span> 
     </span>
    </p>

    <p class='ocr_par' dir='ltr' id='par_1_12' title="bbox 308 3992 806 4064">
     <span class='ocr_line' id='line_1_33' title="bbox 308 3992 806 4064; baseline -0.008 -13"><span class='ocrx_word' id='word_1_271' title='bbox 308 3992 424 4064; x_wconf 75' lang='lat' dir='ltr'>³)Nolt.</span> <span class='ocrx_word' id='word_1_272' title='bbox 444 3996 488 4050; x_wconf 87' lang='lat' dir='ltr'>ad.</span> <span class='ocrx_word' id='word_1_273' title='bbox 507 3993 575 4050; x_wconf 84' lang='lat' dir='ltr'>Stat.</span> <span class='ocrx_word' id='word_1_274' title='bbox 595 3993 662 4049; x_wconf 87' lang='lat' dir='ltr'>Silv.</span> <span class='ocrx_word' id='word_1_275' title='bbox 682 3994 700 4049; x_wconf 98' lang='lat' dir='ltr'>ll</span> <span class='ocrx_word' id='word_1_276' title='bbox 719 3999 743 4059; x_wconf 89' lang='lat'>5,</span> <span class='ocrx_word' id='word_1_277' title='bbox 767 3999 806 4049; x_wconf 82' lang='grc'>13.</span> 
     </span>
    </p>

    <p class='ocr_par' dir='ltr' id='par_1_13' title="bbox 307 4082 1049 4156">
     <span class='ocr_line' id='line_1_34' title="bbox 307 4082 1049 4156; baseline -0.001 -15"><span class='ocrx_word' id='word_1_278' title='bbox 307 4082 332 4154; x_wconf 80' lang='lat'>⁴)</span> <span class='ocrx_word' id='word_1_279' title='bbox 349 4084 425 4156; x_wconf 83' lang='lat' dir='ltr'>Virg.</span> <span class='ocrx_word' id='word_1_280' title='bbox 445 4087 515 4141; x_wconf 84' lang='lat' dir='ltr'>Aen.</span> <span class='ocrx_word' id='word_1_281' title='bbox 529 4083 553 4139; x_wconf 93' lang='lat' dir='ltr'>V</span> <span class='ocrx_word' id='word_1_282' title='bbox 566 4089 609 4138; x_wconf 90' lang='lat'>84.</span> <span class='ocrx_word' id='word_1_283' title='bbox 646 4084 726 4140; x_wconf 86' lang='lat' dir='ltr'>Lucr.</span> <span class='ocrx_word' id='word_1_284' title='bbox 746 4083 787 4140; x_wconf 89' lang='lat' dir='ltr'>De</span> <span class='ocrx_word' id='word_1_285' title='bbox 807 4099 858 4140; x_wconf 87' lang='lat' dir='ltr'>rer.</span> <span class='ocrx_word' id='word_1_286' title='bbox 878 4086 933 4144; x_wconf 82' lang='lat' dir='ltr'>nat.</span> <span class='ocrx_word' id='word_1_287' title='bbox 953 4085 987 4141; x_wconf 99' lang='grc' dir='ltr'><em>Ν</em></span> <span class='ocrx_word' id='word_1_288' title='bbox 1007 4090 1049 4140; x_wconf 83' lang='grc'>58.</span> 
     </span>
    </p>

    <p class='ocr_par' dir='ltr' id='par_1_14' title="bbox 306 4170 1463 4331">
     <span class='ocr_line' id='line_1_35' title="bbox 306 4170 1463 4246; baseline 0 -17"><span class='ocrx_word' id='word_1_289' title='bbox 306 4171 330 4242; x_wconf 71' lang='grc'>5)</span> <span class='ocrx_word' id='word_1_290' title='bbox 348 4173 382 4229; x_wconf 85' lang='lat' dir='ltr'>cl.</span> <span class='ocrx_word' id='word_1_291' title='bbox 401 4172 466 4230; x_wconf 85' lang='lat' dir='ltr'>Sen.</span> <span class='ocrx_word' id='word_1_292' title='bbox 486 4172 528 4228; x_wconf 87' lang='lat' dir='ltr'>De</span> <span class='ocrx_word' id='word_1_293' title='bbox 547 4174 586 4228; x_wconf 91' lang='lat' dir='ltr'>ira</span> <span class='ocrx_word' id='word_1_294' title='bbox 605 4173 614 4228; x_wconf 96' lang='lat' dir='ltr'>l</span> <span class='ocrx_word' id='word_1_295' title='bbox 635 4174 675 4228; x_wconf 89' lang='lat' dir='ltr'>l6.</span> <span class='ocrx_word' id='word_1_296' title='bbox 713 4170 767 4228; x_wconf 93' lang='lat' dir='ltr'>Ov.</span> <span class='ocrx_word' id='word_1_297' title='bbox 786 4173 851 4230; x_wconf 85' lang='lat' dir='ltr'>Met.</span> <span class='ocrx_word' id='word_1_298' title='bbox 871 4173 905 4228; x_wconf 95' lang='grc' dir='ltr'><em>Ν</em></span> <span class='ocrx_word' id='word_1_299' title='bbox 925 4178 986 4232; x_wconf 86' lang='grc'>499.</span> <span class='ocrx_word' id='word_1_300' title='bbox 1024 4173 1109 4232; x_wconf 81' lang='lat' dir='ltr'>Gesn.</span> <span class='ocrx_word' id='word_1_301' title='bbox 1129 4175 1211 4232; x_wconf 82' lang='lat' dir='ltr'>Tbes.</span> <span class='ocrx_word' id='word_1_302' title='bbox 1231 4175 1240 4229; x_wconf 99' lang='lat' dir='ltr'>l</span> <span class='ocrx_word' id='word_1_303' title='bbox 1257 4191 1320 4246; x_wconf 86' lang='lat' dir='ltr'>pag.</span> <span class='ocrx_word' id='word_1_304' title='bbox 1340 4180 1401 4239; x_wconf 84' lang='lat'>822,</span> <span class='ocrx_word' id='word_1_305' title='bbox 1420 4180 1463 4229; x_wconf 80' lang='grc'>41.</span> 
     </span>
     <span class='ocr_line' id='line_1_36' title="bbox 306 4259 1028 4331; baseline -0.004 -11"><span class='ocrx_word' id='word_1_306' title='bbox 306 4259 382 4331; x_wconf 68' lang='lat' dir='ltr'>‘lei</span> <span class='ocrx_word' id='word_1_307' title='bbox 402 4261 456 4318; x_wconf 92' lang='lat' dir='ltr'>Ov.</span> <span class='ocrx_word' id='word_1_308' title='bbox 475 4264 537 4318; x_wconf 80' lang='lat' dir='ltr'>Am.</span> <span class='ocrx_word' id='word_1_309' title='bbox 557 4262 575 4318; x_wconf 95' lang='lat' dir='ltr'>ll</span> <span class='ocrx_word' id='word_1_310' title='bbox 597 4267 637 4326; x_wconf 80' lang='grc'>13,</span> <span class='ocrx_word' id='word_1_311' title='bbox 656 4268 680 4317; x_wconf 87' lang='grc'>4.</span> <span class='ocrx_word' id='word_1_312' title='bbox 719 4262 785 4319; x_wconf 89' lang='lat' dir='ltr'>Luc.</span> <span class='ocrx_word' id='word_1_313' title='bbox 803 4263 899 4318; x_wconf 86' lang='lat' dir='ltr'>Phars</span> <span class='ocrx_word' id='word_1_314' title='bbox 919 4262 954 4319; x_wconf 96' lang='grc' dir='ltr'><em>Ν</em></span> <span class='ocrx_word' id='word_1_315' title='bbox 967 4268 1028 4319; x_wconf 82' lang='lat'>284.</span> 
     </span>
    </p>

    <p class='ocr_par' dir='ltr' id='par_1_15' title="bbox 306 4347 654 4422">
     <span class='ocr_line' id='line_1_37' title="bbox 306 4347 654 4422; baseline -0.011 -12"><span class='ocrx_word' id='word_1_316' title='bbox 306 4347 329 4422; x_wconf 77' lang='grc'>7)</span> <span class='ocrx_word' id='word_1_317' title='bbox 349 4353 382 4409; x_wconf 87' lang='lat' dir='ltr'>cl.</span> <span class='ocrx_word' id='word_1_318' title='bbox 403 4351 461 4410; x_wconf 86' lang='lat' dir='ltr'>Cic.</span> <span class='ocrx_word' id='word_1_319' title='bbox 481 4353 537 4408; x_wconf 80' lang='lat' dir='ltr'>Ab.</span> <span class='ocrx_word' id='word_1_320' title='bbox 557 4351 592 4407; x_wconf 95' lang='grc' dir='ltr'><em>Ν</em></span> <span class='ocrx_word' id='word_1_321' title='bbox 614 4356 654 4406; x_wconf 88' lang='grc'>14.</span> 
     </span>
    </p>

    <p class='ocr_par' dir='ltr' id='par_1_16' title="bbox 305 4439 734 4514">
     <span class='ocr_line' id='line_1_38' title="bbox 305 4439 734 4514; baseline -0.007 -17"><span class='ocrx_word' id='word_1_322' title='bbox 305 4439 329 4509; x_wconf 86' lang='grc'>8)</span> <span class='ocrx_word' id='word_1_323' title='bbox 348 4441 390 4498; x_wconf 89' lang='lat' dir='ltr'>De</span> <span class='ocrx_word' id='word_1_324' title='bbox 408 4444 462 4514; x_wconf 85' lang='lat' dir='ltr'>pet.</span> <span class='ocrx_word' id='word_1_325' title='bbox 482 4457 560 4498; x_wconf 87' lang='lat' dir='ltr'>cons.</span> <span class='ocrx_word' id='word_1_326' title='bbox 580 4440 673 4496; x_wconf 89' lang='lat' dir='ltr'>XXXll</span> <span class='ocrx_word' id='word_1_327' title='bbox 695 4446 734 4495; x_wconf 94' lang='lat' dir='ltr'>ll.</span> 
     </span>
    </p>

    <p class='ocr_par' dir='ltr' id='par_1_17' title="bbox 305 4528 1439 4690">
     <span class='ocr_line' id='line_1_39' title="bbox 305 4528 1439 4603; baseline -0.001 -17"><span class='ocrx_word' id='word_1_328' title='bbox 305 4528 327 4600; x_wconf 73' lang='grc'>9)</span> <span class='ocrx_word' id='word_1_329' title='bbox 347 4530 381 4588; x_wconf 89' lang='lat' dir='ltr'>ci.</span> <span class='ocrx_word' id='word_1_330' title='bbox 401 4532 454 4596; x_wconf 87' lang='lat'>15,</span> <span class='ocrx_word' id='word_1_331' title='bbox 474 4537 522 4596; x_wconf 83' lang='grc'>41;</span> <span class='ocrx_word' id='word_1_332' title='bbox 543 4531 605 4597; x_wconf 83' lang='grc'><strong>114,</strong></span> <span class='ocrx_word' id='word_1_333' title='bbox 629 4536 668 4587; x_wconf 79' lang='grc'>13.</span> <span class='ocrx_word' id='word_1_334' title='bbox 706 4529 764 4586; x_wconf 88' lang='lat' dir='ltr'>Cic.</span> <span class='ocrx_word' id='word_1_335' title='bbox 783 4529 859 4601; x_wconf 88' lang='lat' dir='ltr'>Disp.</span> <span class='ocrx_word' id='word_1_336' title='bbox 879 4530 963 4588; x_wconf 89' lang='lat' dir='ltr'>Tusc.</span> <span class='ocrx_word' id='word_1_337' title='bbox 977 4529 1002 4586; x_wconf 93' lang='lat' dir='ltr'>V</span> <span class='ocrx_word' id='word_1_338' title='bbox 1015 4537 1041 4597; x_wconf 88' lang='grc'>5,</span> <span class='ocrx_word' id='word_1_339' title='bbox 1064 4537 1103 4587; x_wconf 81' lang='grc'>13.</span> <span class='ocrx_word' id='word_1_340' title='bbox 1140 4532 1215 4603; x_wconf 86' lang='lat' dir='ltr'>Virg.</span> <span class='ocrx_word' id='word_1_341' title='bbox 1235 4533 1305 4589; x_wconf 82' lang='lat' dir='ltr'>Aen.</span> <span class='ocrx_word' id='word_1_342' title='bbox 1325 4531 1359 4587; x_wconf 95' lang='grc' dir='ltr'><em>Ν</em></span> <span class='ocrx_word' id='word_1_343' title='bbox 1377 4536 1439 4588; x_wconf 81' lang='grc'>473.</span> 
     </span>
     <span class='ocr_line' id='line_1_40' title="bbox 306 4617 933 4690; baseline 0.002 -15"><span class='ocrx_word' id='word_1_344' title='bbox 306 4617 339 4688; x_wconf 91' lang='lat'>¹⁰)</span> <span class='ocrx_word' id='word_1_345' title='bbox 359 4620 392 4676; x_wconf 88' lang='lat' dir='ltr'>cl.</span> <span class='ocrx_word' id='word_1_346' title='bbox 412 4619 496 4675; x_wconf 85' lang='lat' dir='ltr'>Gesn.</span> <span class='ocrx_word' id='word_1_347' title='bbox 516 4620 598 4676; x_wconf 86' lang='lat' dir='ltr'>Thes.</span> <span class='ocrx_word' id='word_1_348' title='bbox 618 4621 636 4675; x_wconf 98' lang='lat' dir='ltr'>ll</span> <span class='ocrx_word' id='word_1_349' title='bbox 655 4635 717 4690; x_wconf 86' lang='lat' dir='ltr'>pag.</span> <span class='ocrx_word' id='word_1_350' title='bbox 737 4621 800 4685; x_wconf 83' lang='grc'><strong>824,</strong></span> <span class='ocrx_word' id='word_1_351' title='bbox 822 4625 854 4675; x_wconf 82' lang='grc'>14</span> <span class='ocrx_word' id='word_1_352' title='bbox 873 4634 933 4689; x_wconf 89' lang='lat' dir='ltr'>sqq.</span> 
     </span>
    </p>

    <p class='ocr_par' dir='ltr' id='par_1_18' title="bbox 305 4708 955 4780">
     <span class='ocr_line' id='line_1_41' title="bbox 305 4708 955 4780; baseline -0.002 -15"><span class='ocrx_word' id='word_1_353' title='bbox 305 4709 338 4778; x_wconf 93' lang='lat' dir='ltr'>ll)</span> <span class='ocrx_word' id='word_1_354' title='bbox 358 4709 390 4765; x_wconf 89' lang='lat' dir='ltr'>cl.</span> <span class='ocrx_word' id='word_1_355' title='bbox 409 4708 495 4765; x_wconf 89' lang='lat' dir='ltr'>Theb.</span> <span class='ocrx_word' id='word_1_356' title='bbox 515 4711 523 4764; x_wconf 94' lang='lat' dir='ltr'>l</span> <span class='ocrx_word' id='word_1_357' title='bbox 542 4715 584 4764; x_wconf 87' lang='lat'>81.</span> <span class='ocrx_word' id='word_1_358' title='bbox 622 4709 696 4780; x_wconf 82' lang='lat' dir='ltr'>Virg.</span> <span class='ocrx_word' id='word_1_359' title='bbox 717 4713 786 4765; x_wconf 82' lang='lat' dir='ltr'>Aen.</span> <span class='ocrx_word' id='word_1_360' title='bbox 806 4710 824 4764; x_wconf 99' lang='lat' dir='ltr'>ll</span> <span class='ocrx_word' id='word_1_361' title='bbox 846 4715 896 4764; x_wconf 87' lang='lat'>750</span> <span class='ocrx_word' id='word_1_362' title='bbox 915 4725 955 4778; x_wconf 90' lang='lat' dir='ltr'>sq.</span> 
     </span>
    </p>
   </div>
   <div class='ocr_carea' id='block_1_7' title="bbox 0 0 1770 5242">
    <p class='ocr_par' dir='ltr' id='par_1_19' title="bbox 0 0 1770 5242">
     <span class='ocr_line' id='line_1_42' title="bbox 0 0 1770 5242; baseline 0 4"><span class='ocrx_word' id='word_1_363' title='bbox 0 0 1770 5242; x_wconf 95' lang='lat' dir='ltr'> </span> 
     </span>
    </p>
   </div>
  </div>
 </body>
</html>
