3516 5236
752 345 975 407 -25-

350 537 473 606 crescit
495 539 528 604 et
552 536 734 605 innumero
758 537 912 622 pendens
935 535 1173 605 transmittitur
1196 554 1289 614 arcu,
1312 575 1357 586 -—

354 645 506 713 vestrum
531 661 618 730 opus
641 642 874 729 adgredimur,
897 646 1013 712 vestra
1036 647 1097 722 est,
1121 661 1225 730 quarn
1249 643 1401 712 carmine
1424 643 1519 714 molli

355 752 469 837 pando
494 751 628 820 domus.
654 767 723 818 non
749 769 900 838 unquam
925 751 1000 820 aliis
1025 750 1202 820 habitastis
1227 751 1260 819 in
1285 752 1390 819 antris

356 859 467 927 ditius.
493 858 568 945 ipsa
591 874 715 925 manus
739 859 846 927 tenuit
870 857 1039 945 Cytherea
1063 859 1175 927 mariti

356 965 623 1051 monstravitque
648 969 747 1042 artes;
777 984 843 1033 neu
868 966 946 1034 vilis
968 964 1112 1034 namma
1134 965 1289 1034 caminos

356 1076 477 1148 ureret,
502 1073 577 1159 ipsa
599 1072 692 1141 iaces
717 1059 895 1141 ‘volucrum
919 1073 1094 1142 succendit
1116 1072 1295 1142 Amorum.

356 1178 435 1248 Non
459 1181 527 1248 huc
551 1180 723 1249 admissae
747 1180 883 1249 Thasos
892 1179 915 1266 ¹)
941 1182 999 1248 aut
1024 1180 1157 1249 undosa
1181 1177 1376 1267 Carystost)

355 1291 484 1356 maeret
508 1285 633 1373 onyx³)
658 1288 772 1374 longe,
797 1287 1015 1374 queriturque
1039 1287 1200 1356 exclusus
1224 1287 1407 1373 ophitestl:

354 1396 429 1464 sola
453 1395 534 1465 nitet
557 1395 657 1463 tlavis
683 1394 880 1463 Nomadum
906 1395 1022 1464 decisa
1046 1394 1192 1464 metallis

355 1520 515 1588 purpura,
539 1504 616 1571 sola
639 1520 724 1570 cavo
749 1502 920 1590 Phrygiae
943 1521 1047 1589 quam
1071 1500 1255 1588 Synnados
1280 1505 1376 1570 antro

356 1609 429 1696 ipse
454 1609 641 1678 cruentavit
666 1609 809 1678 maculis
833 1609 1023 1678 lucentibus
1047 1607 1167 1696 hurso

356 1720 506 1804 quotque
530 1717 608 1803 Tyri
634 1719 752 1786 niveas
777 1719 870 1786 secat
894 1719 926 1785 et
949 1714 1092 1786 Sidonia
1117 1733 1227 1803 rupes.

355 1823 421 1892 Vix
445 1826 541 1894 locus
565 1823 755 1910 Eurotae⁶)‚
780 1823 898 1892 viridis
922 1843 998 1892 cum
1026 1825 1146 1911 regula
1168 1825 1275 1910 longo

356 1928 521 2018 Synnada
546 1932 702 2000 distinctu
727 1932 845 1999 variat.
871 1949 940 1999 non
964 1931 1084 2000 limina
1107 1932 1251 2000 cessant.

356 2036 529 2126 Effulgent
553 2056 720 2117 camerae,
745 2039 841 2106 vario
865 2037 1004 2126 fastigia
1028 2039 1115 2107 vitro

359 2145 392 2213 in
417 2145 549 2232 species
574 2145 760 2232 animoque
785 2146 899 2214 nitent.
925 2149 1037 2231 stupet
1062 2145 1134 2232 ipse
1158 2145 1276 2214 beatas

357 2253 610 2339 circumplexus
635 2271 720 2338 opes
744 2254 776 2321 et
801 2253 937 2338 parcius
961 2253 1104 2340 imperat
1128 2252 1229 2340 ignis.
1279 2255 1286 2274 '

357 2358 487 2428 Multus
512 2359 636 2447 ubique
662 2361 745 2437 dies,
770 2360 874 2428 radiis
900 2359 955 2427 ubi
982 2361 1131 2428 culmina
1153 2359 1233 2428 totis

356 2465 503 2552 perforat
528 2469 628 2554 atque
652 2468 719 2535 alio
743 2468 795 2536 sol
821 2467 999 2554 improbus
1023 2469 1130 2536 uritur
1153 2469 1260 2536 aestu.

358 2573 412 2641 Nil
438 2573 482 2641 ibi
509 2574 694 2660 plebeium:
720 2593 891 2662 nusquam
916 2573 1118 2660 Temesea⁷t
1142 2574 1278 2644 notabis

290 2719 296 2732 ·
359 2698 450 2759 aera,
475 2681 535 2748 sed
560 2684 703 2768 argento
727 2680 808 2749 felix
833 2682 1033 2768 propellitur
1056 2682 1148 2750 unda

359 2792 571 2876 argentoque
596 2789 684 2855 cadit
707 2788 880 2876 labrisque
903 2788 1088 2858 nitentibus
1112 2791 1215 2858 instat

358 2895 497 2964 delicias
522 2896 644 2963 mirata
667 2913 751 2964 suas
776 2899 807 2964 et
831 2894 924 2964 abire
949 2898 1091 2965 recusat.

357 3001 460 3070 Extra
484 3004 597 3071 autem
623 3001 723 3070 niveo
747 3003 804 3089 qui
829 3003 985 3090 margine
1010 3004 1166 3072 caerulus
1190 3001 1302 3071 amnis

357 3109 439 3177 vivit
463 3112 495 3177 et
520 3110 553 3175 in
577 3127 753 3178 summum
777 3107 884 3177 tundo
908 3112 1000 3195 patet
1023 3111 1136 3179 omnis
1161 3110 1204 3178 ab
1227 3111 1309 3188 imo,

358 3218 411 3285 cui
437 3234 505 3284 non
531 3215 579 3283 ire
603 3216 678 3284 lacu
704 3215 891 3304 pigrosque
916 3217 1096 3286 exsolvere
1119 3217 1264 3286 amictus

357 3322 524 3391 suadeat?
550 3323 615 3390 hoc
639 3323 755 3391 mallet
779 3324 873 3392 nasci
900 3322 1068 3410 Cytherea
1092 3322 1272 3410 profundo,

358 3430 411 3498 hic
433 3433 466 3498 te
490 3431 707 3516 perspicuum
733 3430 866 3508 melius,
891 3430 1062 3509 Narcisse‚
1087 3431 1232 3511 videres,

358 3537 413 3606 hie
435 3538 537 3607 velox
561 3535 689 3605 Hecate
711 3537 791 3604 velit
814 3541 847 3606 et
871 3539 1040 3624 deprensa
1063 3539 1180 3608 lavari.

358 3643 450 3730 Quid
474 3662 566 3712 nunc
589 3647 694 3712 strata
718 3645 793 3713 solo
818 3642 962 3713 referam
986 3645 1138 3714 tabutata
1162 3647 1331 3732 crepantis

359 3752 517 3820 auditura
541 3752 640 3837 pilas,
665 3750 722 3819 ubi
748 3753 935 3838 languidus
958 3753 1049 3840 ignis
1074 3754 1199 3823 inerrat

361 3858 506 3927 aedibus
530 3860 562 3926 et
585 3860 723 3926 tenuem
748 3859 891 3928 volvunt
915 3861 1127 3946 hypocausta
1151 3867 1339 3947 vaporem?

362 3966 433 4034 Nec
457 3966 485 4034 si
511 3964 651 4033 Baianis
674 3965 789 4034 veniat
813 3983 924 4034 novus
949 3968 1076 4053 hospes
1101 3966 1144 4034 ab
1168 3968 1248 4045 oris,

198 4112 468 4124 ——u—

304 4201 314 4236 1
345 4198 379 4255 et.
398 4198 466 4254 Plin.
485 4197 547 4253 Nat.
567 4197 628 4254 hist.
648 4195 759 4251 XXXVl
778 4202 802 4254 5.

303 4291 315 4326 ²
345 4289 380 4346 ct.
398 4288 466 4343 Ptin.
486 4286 548 4342 Nat.
569 4285 632 4341 hist.
651 4285 685 4340 lV
705 4290 752 4350 21;
771 4285 881 4343 XXXVI
901 4292 925 4342 7.

304 4383 316 4418 ³
347 4379 379 4436 ct.
399 4377 467 4433 Ptin.
486 4376 549 4433 Nat.
570 4375 631 4431 hist.
651 4373 763 4430 xxxvl
785 4380 831 4440 12;
850 4374 970 4432 XXXVll
990 4384 1032 4433 24.

303 4470 328 4542 ⁴)
347 4469 382 4527 et.
402 4469 464 4524 lsid.
485 4466 526 4522 De
548 4466 604 4521 nat.
625 4480 676 4521 rer.
694 4463 754 4520 XVt
773 4469 798 4521 5.

303 4560 328 4631 ⁵)
346 4560 380 4617 et.
399 4559 417 4614 n
436 4564 461 4613 2.
480 4559 516 4612 86
534 4569 591 4624 sq.;
611 4553 675 4619 v1‚
696 4559 749 4610 223
768 4570 810 4625 sq.
847 4554 927 4613 Purus.
942 4556 986 4613 Vlt
1009 4564 1048 4614 17.
1086 4557 1146 4615 Cat.
1166 4558 1256 4615 Carm.
1275 4556 1351 4612 ant
1371 4562 1395 4613 7.

303 4651 327 4723 ⁶)
347 4651 454 4715 chlz,
475 4652 526 4704 148
545 4662 586 4716 sq.

305 4739 381 4812 ⁷)ct.
403 4740 412 4794 l
434 4745 519 4806 l,41.
557 4735 757 4796 homelea.
