3516 5236
818 311 1041 369 ..17-

420 518 489 569 non
513 504 655 569 externa
678 500 741 570 sibi
765 499 952 567 fluviorum
977 499 1114 568 obstare
1137 499 1338 586 queruntur:

420 605 594 676 Sestiacos
617 624 709 675 nunc
731 605 825 674 fama
849 606 945 674 sinus
969 605 1182 692 pelagusque
1206 605 1358 672 natatum

421 716 519 784 iactet
543 716 576 783 et
599 714 719 808 audaci
743 715 852 782 victos
876 713 1056 800 delphinas
1080 712 1227 799 ephebo!

422 821 487 890 llic
510 824 649 890 aeterna
672 822 781 909 quies,
806 821 908 890 nullis
932 821 988 889 hic
1010 821 1084 888 iura
1108 819 1264 906 procellis

423 947 599 1016 nunquam
623 928 736 999 fervor
759 929 868 1016 aquis.
895 928 994 997 datur
1018 927 1072 995 bic
1094 927 1322 996 transmittere
1344 926 1441 994 visus

421 1039 454 1105 et
477 1055 581 1106 voces
605 1039 638 1105 et
660 1054 770 1122 paene
794 1054 927 1105 manus.
954 1037 1003 1105 sic
1027 1033 1190 1105 Chalcida
1212 1034 1336 1102 fluctus
1397 1067 1399 1070 ·

423 1144 595 1230 expellunt
617 1142 727 1221 fluvii;
752 1143 802 1211 sic
825 1143 1009 1212 dissociata
1018 1141 1042 1230 ¹)
1067 1141 1236 1229 profundo

423 1249 552 1318 Bruttia
575 1248 751 1320 Sicanium
775 1250 1002 1336 circumspicit
1026 1267 1087 1318 ora
1111 1247 1280 1319 Pelorum.

425 1357 516 1442 Quid
541 1358 689 1443 primum
714 1358 910 1425 mediumve
935 1375 1068 1436 canam,
1093 1375 1162 1444 quo
1184 1355 1253 1424 fine
1278 1357 1477 1442 quiescam?

424 1469 606 1534 auratasne
629 1465 742 1533 trabes
767 1483 811 1532 an
835 1465 978 1532 llllauros
1002 1465 1153 1551 undique
1176 1463 1284 1549 postis

425 1590 469 1639 an
493 1569 691 1658 picturataf)
715 1571 863 1639 lucentia
886 1588 1061 1639 marmora
1084 1588 1173 1638 vena

426 1679 528 1747 mirer
552 1697 596 1747 an
619 1679 766 1746 emissas
790 1696 850 1764 per
874 1681 994 1746 cuncta
1017 1677 1142 1746 cubilia
1167 1678 1364 1762 nymphas?

376 1787 379 1792 ’
425 1784 502 1853 Huc
525 1785 643 1863 oculis,
668 1787 736 1853 lruc
758 1785 872 1852 mente
895 1786 1020 1853 trahor.
1044 1783 1239 1853 venerabile
1263 1783 1375 1852 dicam

425 1893 579 1961 lucorum
604 1893 763 1961 senium?
787 1896 830 1971 te,
855 1910 944 1979 quae
967 1893 1057 1960 vada
1079 1890 1232 1959 fluminis
1255 1890 1343 1958 infra

426 2000 545 2079 cernis,
568 2019 612 2068 an
637 2001 680 2068 ad
704 2000 810 2069 silvas
834 2018 922 2086 quae
946 1999 1096 2084 respicis,
1122 2000 1210 2076 aula,
1234 1999 1387 2078 tacentis,

426 2126 494 2194 qua
516 2106 575 2175 tibi
599 2109 670 2176 tota
694 2108 791 2194 quies
815 2105 1016 2193 offensaque
1038 2105 1172 2174 turbine
1196 2106 1290 2174 nullo

425 2233 494 2284 nox
519 2215 595 2283 silef
618 2217 650 2283 et
674 2215 793 2302 nigros
817 2214 984 2282 imitantia
1007 2231 1185 2281 murmura
1208 2220 1375 2283 somnos?

426 2340 470 2390 an
494 2340 583 2410 quae
605 2323 786 2410 graminea
809 2324 969 2406 suscepta
992 2317 1198 2407 crepidine³)
1223 2320 1355 2388 fumant

426 2430 549 2498 balnea
572 2431 605 2497 et
627 2430 827 2516 impositum
851 2429 935 2515 ripis
958 2427 1153 2514 algentibus
1176 2428 1319 2514 ignem?

426 2555 561 2624 quaque
584 2536 788 2622 vaporiferis
812 2536 947 2604 iunctus
970 2534 1167 2603 fornacibus
1191 2533 1312 2602 Amnis

427 2644 511 2713 ridet
536 2643 768 2730 anhelantem)
792 2643 904 2712 vicino
927 2641 1071 2710 flumine
1097 2641 1302 2727 Nymphas?

426 2750 504 2818 Vidi
529 2755 617 2819 artes
640 2754 863 2834 veterumque
887 2767 1011 2817 manus
1034 2749 1207 2834 variisque
1231 2749 1369 2816 metalla

426 2859 505 2926 viva
529 2859 649 2926 modis.
675 2857 771 2926 labor
794 2860 846 2926 est
870 2857 942 2924 auri
967 2873 1161 2924 memorare
1182 2853 1315 2942 figuras

428 2970 485 3035 aut
509 2966 594 3034 ebur
616 2967 674 3032 aut
698 2965 822 3052 dignas
846 2963 961 3050 digitis
985 2964 1183 3049 contingere
1206 2979 1382 3047 gemmas:

427 3073 591 3160 quidquid
615 3075 647 3140 et
671 3071 846 3159 argentm)
872 3071 1020 3157 primum
1044 3071 1097 3137 vel
1123 3069 1157 3136 in
1182 3087 1261 3136 aere
1285 3069 1407 3136 minori

428 3180 508 3248 lusit
531 3182 563 3248 et
587 3192 746 3248 enormes
770 3195 894 3247 manus
917 3177 968 3245 est
992 3179 1131 3263 experta
1154 3177 1321 3245 colossos.

429 3285 520 3354 Dum
543 3305 654 3373 vagor
678 3287 840 3371 adspectu
864 3285 1028 3371 visusque
1052 3302 1112 3370 per
1136 3283 1252 3351 omnia
1277 3284 1374 3360 duco,

429 3393 602 3462 calcabam
627 3392 816 3478 necopinus
839 3409 937 3477 opes;
963 3409 1043 3458 nam
1068 3391 1229 3476 splendor
1253 3389 1296 3457 ab
1320 3389 1389 3458 alto

430 3499 563 3569 defluus
587 3503 620 3568 et
643 3500 786 3567 nitidum
811 3497 993 3566 referentes
1019 3515 1100 3566 aera
1122 3497 1230 3566 testae

430 3611 663 3676 monstravere
687 3606 813 3684 solum,
837 3605 951 3672 varias
976 3604 1034 3672 ubi
1058 3605 1146 3690 picta
1170 3623 1230 3690 per
1253 3607 1345 3671 artes

428 3716 557 3804 gaudet
581 3710 739 3798 humus⁶)
764 3712 970 3798 superatque
993 3711 1094 3779 novis
1117 3713 1254 3778 asarota
1275 3709 1407 3798 figuris.

429 3821 606 3908 Expavere
629 3821 769 3909 gradus.
795 3819 875 3906 quid
895 3836 986 3886 nunc
1009 3817 1186 3905 iungentia
1209 3818 1312 3884 mirer

430 3930 487 3998 aut
510 3928 591 4016 quid
614 3927 744 4013 partitis
768 3926 927 3994 distantia
949 3927 1037 3993 tecta
1059 3924 1239 3992 trichoris?

269 4074 538 4087 -—---—

378 4161 401 4230 1)
429 4160 524 4218 Claud
544 4158 622 4231 Rapt.
643 4158 719 4214 Pros.
739 4157 748 4212 l
770 4163 819 4212 142
838 4171 912 4226 sqq:
940 4155 1081 4211 Trinacria
1103 4156 1242 4225 quondam
1267 4155 1359 4210 ltaliae
1384 4169 1447 4226 pars
1470 4169 1527 4210 una
1543 4153 1607 4222 ruit:

192 4283 198 4294 ·
268 4253 341 4323 rupit
359 4250 478 4307 confinia
495 4249 603 4306 Nereus
616 4249 704 4304 victor
722 4248 750 4303 et
769 4247 909 4302 abscissos
928 4245 1046 4301 interluit
1065 4259 1186 4315 aequore
1206 4245 1323 4300 montes.

374 4341 397 4410 ²)
416 4339 449 4395 cl.
469 4339 490 4394 ll
509 4343 533 4402 2,
552 4343 588 4393 88
607 4353 649 4407 sq.

376 4429 398 4498 ³)
418 4427 452 4486 cf.
470 4428 489 4483 ll
507 4432 532 4493 2,
556 4433 587 4484 ll
606 4442 648 4498 sq.
685 4426 772 4482 Theb.
791 4425 826 4481 Xl
844 4429 906 4484 492.

376 4516 399 4586 ⁴)
418 4516 451 4573 cl.
471 4516 535 4582 Va,
557 4522 615 4572 170.

375 4604 399 4676 ὅ)
417 4606 475 4663 scil.
496 4607 572 4672 „in“;
592 4606 626 4662 cf.
645 4605 664 4660 ll
683 4611 708 4671 5,
728 4609 762 4664 29
781 4619 822 4673 sq.

377 4694 599 4766 vdua&
