3516 5236
749 311 793 320 -
839 278 881 340 w
927 310 972 322 ,

299 487 329 535 ν.
367 474 425 536 53;
480 470 638 538 veteres
685 467 779 554 (quia
825 467 926 538 altius
978 467 1096 553 repetit
1142 463 1271 536 Statius
1317 470 1527 552 sermonem)

191 575 371 643 animata
406 574 596 643 calores“.
650 573 814 643 Platanus
846 591 881 642 re
908 593 991 644 vera
1027 574 1204 643 animata
1238 576 1290 643 est
1318 573 1528 642 veteribus

190 681 398 750 caloribus
433 682 486 749 vel
522 683 682 750 veteres
717 682 874 751 catores
915 680 985 759 dei,
1032 680 1088 768 qui
1132 681 1397 766 ,depositam‘
1436 681 1529 748 iuxta

190 785 318 857 fontem
343 786 453 874 viva¹)
479 789 608 857 harena
631 788 775 876 adgesta
798 788 965 873 adspersit
992 787 1128 875 „aquis
1152 788 1331 873 optatis.“

298 987 329 1034 v.
355 973 412 1035 57:
444 968 639 1048 „eluctata
663 965 736 1034 sub
761 975 912 1054 auras“.
952 964 1064 1034 Arbor
1081 966 1244 1034 eluctatur
1264 965 1357 1045 „sub
1385 973 1524 1034 auras“

191 1071 224 1158 (i.
251 1093 305 1160 qu.
332 1071 395 1142 sub
419 1073 574 1159 spiritum
598 1091 777 1161 aquarum,
801 1092 832 1140 v.
852 1076 918 1160 56),
944 1073 1025 1140 dum
1051 1091 1159 1160 aquas
1182 1073 1275 1158 ipsas
1293 1072 1413 1159 tangit,
1438 1070 1528 1139 unde

193 1180 452 1268 „ingeniosa“
480 1198 598 1248 rursus
623 1180 733 1248 enode
756 1181 847 1248 levat
871 1198 1046 1248 cacumen.

297 1379 329 1426 v.
355 1363 412 1426 oi:
446 1357 543 1425 Rami
568 1361 668 1426 antea
689 1360 826 1446 gurgite
851 1358 1023 1445 nymphae
1052 1357 1250 1427 fastidiosae
1281 1358 1411 1426 exclusi
1447 1357 1527 1425 odio

191 1466 336 1534 remisso
375 1465 563 1552 spirituque
601 1482 768 1552 aquarum
808 1466 941 1552 placato
981 1467 1219 1543 invitantur,
1265 1466 1284 1533 i.
1322 1481 1350 1533 e.
1391 1466 1527 1551 imago

190 1569 403 1640 frondibus
427 1575 607 1659 responsat
631 1571 684 1656 (cf.
709 1573 721 1640 i
746 1579 776 1651 3,
803 1579 841 1642 18
865 1577 938 1660 sq.).

297 1770 329 1817 v.
357 1758 414 1818 74:

354 1876 476 1944 ,quos
500 1862 613 1945 pater
630 1858 826 1945 Elysium,
850 1859 1040 1946 genetrix
1065 1876 1167 1945 quos
1192 1859 1336 1928 detulit
1360 1867 1526 1928 annos“:

191 1982 311 2043 annos
337 1983 424 2052 quos
448 1959 571 2051 adepti,
595 1967 742 2034 assecuti
767 1967 926 2052 parentes
949 1966 993 2035 ad
1017 1984 1139 2034 manes
1162 1966 1327 2034 abierunt.
1366 1965 1528 2043 Vollmer,

190 2072 248 2159 qui
275 2071 495 2159 „Elysium‘
521 2091 583 2159 pro
610 2074 785 2160 „Elysio“
813 2072 1010 2159 (Domitius)
1034 2074 1089 2142 vei
1117 2072 1319 2160 „Elysius“
1346 2073 1416 2142 scii.
1434 2077 1529 2159 pater

191 2178 393 2266 (Baehrens)
418 2180 549 2258 suadet,
574 2180 689 2248 scribit
712 2181 795 2248 mihi
814 2181 856 2248 ad
874 2182 965 2249 hunc
981 2181 1110 2250 iocum:
1138 2179 1213 2261 ,Ob
1231 2181 1293 2269 :0'
1311 2181 1394 2251 oder
1410 2180 1527 2269 gum',

190 2286 295 2354 kaum
320 2307 361 2354 zu
387 2287 616 2366 entseheiden,
641 2288 686 2355 da
709 2287 807 2356 beide
828 2287 1118 2356 Konstruktionen
1142 2287 1197 2355 fiir
1213 2285 1341 2358 Statius
1365 2288 1526 2376 mdgiich.

191 2391 484 2482 Pala'ographisch
509 2394 576 2483 fa’
600 2413 641 2462 zu
667 2394 733 2484 gir'
759 2396 813 2462 ein
838 2394 932 2462 Haar
955 2394 1094 2463 leichter
1118 2395 1169 2464 ais
1191 2414 1232 2463 zu
1258 2395 1357 2483 ,·0’.“

578 2789 722 2865 Arbor
748 2790 895 2868 Atedii
926 2790 1140 2867 itteiioris.

816 2931 844 2998 ii
868 2933 903 3000 3.

405 3051 488 3132 Stat,
512 3072 600 3141 quae
625 3055 825 3140 perspicuas
848 3055 943 3123 nitidi
967 3055 1122 3124 Melioris
1146 3059 1265 3141 opacet

351 3159 453 3228 arbor
476 3179 584 3249 aquas
608 3159 819 3249 complexati
844 3162 950 3240 lacus,
975 3180 1064 3248 quae
1088 3162 1209 3230 robore
1234 3161 1277 3230 ab
1300 3163 1370 3231 imo

352 3267 530 3336 incurvata
552 3268 651 3338 vadis
676 3269 760 3337 redit
784 3269 863 3338 inde
886 3269 1064 3337 cacumine
1087 3272 1178 3339 recto

354 3374 472 3452 ardua,
497 3392 558 3444 ceu
584 3376 706 3446 mediis
729 3377 851 3445 iterum
877 3378 1037 3444 nascatur
1060 3376 1103 3446 ab
1127 3377 1228 3444 undis

351 3482 454 3568 atque
477 3483 605 3551 habitet
628 3485 772 3553 vitreum
796 3483 906 3552 tacitis
930 3482 1102 3552 radicibus
1126 3501 1275 3552 amnem.

352 3586 444 3674 Quid
470 3588 648 3659 Phoebum
672 3592 743 3659 tam
767 3609 874 3677 parva
897 3596 1043 3677 rogem?
1068 3607 1132 3658 vos
1156 3591 1254 3660 dicite
1278 3607 1412 3670 causas,

352 3693 524 3782 Naidesf),
549 3700 582 3766 et
604 3696 731 3776 faciles,
756 3699 840 3767 satis
863 3699 924 3776 est,
950 3697 1027 3766 date
1052 3698 1204 3767 carmina
1227 3698 1350 3767 Fauni!

350 3801 588 3889 Nympharum
613 3805 751 3872 tenerae
773 3801 952 3890 fugiebant
976 3801 1103 3889 Panae)
1129 3805 1302 3900 catervae3

350 3909 406 3977 iiie
431 3910 569 3996 quidem
593 3911 626 3988 it,
651 3912 791 3979 cunctas
813 3913 991 3997 tamquam
1014 3909 1104 3988 velit,
1129 3913 1299 3979 ettamen
1323 3929 1429 3978 unam

352 4017 385 4084 in
410 4016 573 4086 Pholoen.
599 4017 695 4086 silvis
719 4017 804 4085 haec
827 4015 1095 4103 fluminibusque
1119 4017 1294 4104 sequentis

352 4140 444 4191 nunc
467 4123 574 4192 hirtos
596 4141 750 4212 gressus,
775 4140 867 4191 nunc
888 4121 1046 4208 improba
1070 4139 1199 4191 cornua
1223 4122 1315 4192 vitat.

298 4301 320 4369 1)
339 4324 373 4348 =
392 4302 494 4368 umida,
526 4302 632 4367 bibuia;
669 4301 704 4358 cf.
723 4300 759 4357 IV
780 4306 806 4366 ³,
834 4304 877 4356 54.
915 4301 982 4358 iior.
1002 4300 1122 4358 Carml
1150 4306 1190 4365 19,
1222 4301 1267 4366 133
1304 4301 1331 4357 lli
1358 4306 1384 4368 8,
1412 4307 1438 4360 4.
1477 4301 1530 4358 Ov.

190 4388 240 4461 Ep.
261 4390 339 4446 xviii
358 4396 419 4447 201.
457 4390 532 4462 Virg.
552 4390 678 4462 Georgi
700 4395 758 4446 114.

297 4481 319 4548 ²)
339 4480 444 4546 ciii,
464 4486 489 4536 2.
525 4480 561 4537 lV
579 4485 604 4546 2,
624 4485 668 4536 24.

298 4568 759 4640 ³)cr.1s,15sqq.;⁶‚rsqq.

298 4659 322 4724 r)
341 4657 373 4716 cf.
394 4657 448 4716 Ov.
467 4661 533 4717 Met.
553 4655 713 4730 1699'sqq.
