3530 5242
735 389 958 455 ..56-

184 577 312 654 „cerei
349 576 530 646 olentes“
568 582 600 648 et
638 580 881 658 „cultellus“
919 582 1096 668 aptissima
1130 599 1190 666 per
1217 599 1255 650 se
1284 582 1376 649 dona
1403 583 1511 648 satur·

182 682 342 768 nalicia.¹)
394 681 574 753 Cultellum
612 690 785 772 praeterea
821 708 890 758 uno
925 690 1022 777 quasi
1058 692 1174 757 tenore
1205 688 1452 774 amplectuntur
1482 689 1514 754 et

185 790 339 867 „cerei“
369 792 401 858 et
431 793 673 872 „codicilli.“

288 1006 319 1054 v.
345 993 402 1055 43:
441 989 503 1068 „in
535 990 666 1058 orbe“.
723 989 867 1071 „Orbis“
897 993 988 1060 idem
1017 993 1067 1061 est
1095 1009 1135 1059 ac
1164 993 1268 1076 rota²)
1291 989 1436 1080 ligulina
1458 989 1512 1058 vel

182 1091 319 1161 officina
342 1094 417 1179 ipsa
439 1095 592 1183 figulina.
640 1096 763 1166 Totum
788 1100 864 1168 ideo
895 1099 949 1168 hic
971 1099 1120 1176 vertitur,
1152 1117 1220 1185 quo
1250 1099 1283 1166 in
1311 1098 1415 1176 loco,
1444 1115 1513 1164 non

181 1216 250 1284 quo
275 1201 392 1269 modo
417 1203 551 1286 patinae
574 1203 683 1273 iactae
706 1205 783 1274 sint.

289 1416 320 1463 v.
346 1403 402 1464 44:
442 1395 641 1485 „Synthesis
672 1404 704 1468 et
739 1420 801 1470 vas
835 1401 936 1470 fictile
970 1402 1141 1489 significat
1175 1405 1207 1470 et
1242 1404 1371 1471 vestem
1407 1402 1515 1469 satur-

184 1502 353 1572 naliciam.
391 1503 624 1592 Ambiguitate
640 1509 743 1595 igitur
758 1509 850 1578 verbi
868 1509 952 1577 ludit
966 1507 1142 1595 Papinius;
1155 1527 1235 1576 narn
1249 1526 1327 1576 cum
1339 1508 1516 1593 synthesin

184 1610 344 1694 petiisset,
369 1613 465 1698 quasi
491 1614 546 1682 ille
570 1615 723 1685 oilensus
747 1617 838 1686 esset
865 1616 1101 1702 magnitudine
1129 1615 1281 1685 muneris
1304 1618 1434 1683 vestem
1469 1616 1517 1681 in-

182 1717 351 1803 telligens,
391 1719 591 1806 interposuit
615 1723 705 1811 ⁸quid
723 1723 896 1802 horresi',
922 1723 1019 1810 quasi
1049 1723 1150 1790 dicat:
1180 1723 1310 1790 vestem
1341 1739 1410 1789 non
1439 1725 1517 1808 peto

183 1825 370 1908 synthesin,
399 1827 460 1895 sed
484 1847 547 1897 vas
570 1828 680 1908 fictile,
710 1830 852 1898 calicum
886 1833 943 1898 aut
973 1829 1195 1898 caccaborum
1226 1868 1269 1876 —
1296 1828 1516 1914 Kochtbple“.

184 1930 377 2016 (Domitius.
403 1932 443 2002 ci.
468 1937 569 2004 etiam
593 1937 753 2022 Markld.)

291 2149 318 2196 ar
344 2149 375 2198 v.
402 2138 458 2198 54:

401 2240 575 2316 „tantum
607 2257 665 2306 me
694 2241 804 2319 mihi,
835 2240 939 2328 quod
968 2240 1080 2309 soles.
1105 2239 1268 2325 lepori.“

186 2341 381 2413 Defendens
405 2344 638 2414 Matritensem
664 2347 854 2426 ostendam,
880 2365 968 2435 quae
992 2347 1074 2414 mihi
1100 2347 1339 2423 succunerint;
1364 2346 1517 2432 persuasi

186 2450 267 2516 mihi
307 2448 452 2520 Statium
486 2452 599 2522 verbis
637 2455 731 2534 „sed
767 2455 941 2532 valebis;
980 2456 1134 2523 tantum
1171 2472 1231 2521 me
1267 2454 1378 2530 mihi,
1414 2453 1518 2540 quod

185 2560 292 2626 soles
338 2559 491 2645 lepori“
545 2561 908 2649 hendecasyllaborum
948 2562 1173 2647 improvisum
1213 2561 1519 2647 necopinatumque

185 2663 289 2733 linem
325 2666 437 2734 lacere
471 2669 633 2746 voluisse,
670 2687 738 2755 quo
774 2669 888 2756 magis
922 2668 1035 2737 subito
1070 2685 1229 2737 sermone
1265 2667 1371 2735 inciso
1405 2669 1520 2735 essent

186 2771 357 2850 ellicaces;
391 2774 513 2842 idcirca
539 2775 632 2843 dicit:
668 2773 769 2856 „Sed
798 2776 970 2853 valebis;
999 2777 1152 2843 tantum
1181 2774 1301 2861 (sinas)
1334 2792 1394 2842 me
1423 2773 1519 2840 mihi

187 2880 326 2960 (habere
342 2883 395 2949 vel
414 2883 569 2968 mittere),
587 2884 692 2970 quod
717 2883 750 2966 (i.
769 2901 797 2951 e.
816 2880 1013 2970 quantum³)
1030 2883 1158 2969 lepori
1176 2883 1268 2966 (meo
1283 2882 1337 2949 vel
1362 2881 1519 2963 aliorum)

187 2989 298 3057 soles
323 2988 523 3075 (obsequi).“
573 2989 846 3078 Breyiloquentia
870 2991 974 3077 igitur
1005 2990 1117 3075 pateat
1139 2990 1261 3074 poetae
1287 2987 1374 3056 bene
1403 3005 1521 3056 conce-

188 3097 314 3164 denda!
362 3095 456 3164 llaec
480 3115 557 3164 mea
581 3098 809 3183 interpretatio
833 3116 875 3167 eo
900 3097 1051 3165 maxime
1075 3097 1247 3181 praestare
1271 3095 1413 3174 videtur,
1430 3095 1521 3181 quod

189 3203 356 3288 applicata
380 3204 422 3271 ad
447 3204 569 3272 librum
595 3224 699 3272 manu
724 3207 885 3291 scriptum
910 3222 973 3273 nec
997 3204 1165 3290 repugnat
1188 3202 1359 3270 contextui
1387 3202 1520 3270 senten-

186 3310 321 3388 harum,
357 3329 467 3397 neque
503 3312 709 3380 circumcidit
745 3313 837 3380 sales
877 3309 1123 3380 saturnalicios.
1182 3308 1374 3377 lmmovero
1413 3309 1522 3375 acrior

187 3417 300 3486 evadit
321 3417 463 3486 forsitan
489 3419 593 3488 acies!

292 3525 346 3593 An
385 3524 559 3604 „desinit“‚
600 3530 634 3595 ut
673 3526 719 3594 ait
748 3524 909 3603 Ovidius,
956 3525 1010 3605 „in
1046 3525 1173 3610 piscem
1210 3522 1333 3590 mulier
1370 3521 1524 3590 lormosa

188 3640 383 3718 superne?“
432 3632 566 3718 Quibus
591 3633 691 3702 oflicii
709 3633 967 3721 quodammodo
991 3649 1097 3700 causa
1112 3631 1209 3700 dictis
1225 3627 1356 3699 Statius.
1369 3619 1522 3714 Grypum

188 3741 329 3810 maioris
344 3740 476 3829 gradus
497 3739 687 3826 iuvenem4)
705 3741 916 3810 adhortatur:
945 3742 1001 3819 „et
1025 3756 1129 3806 nunc
1152 3733 1524 3823 hendecasyllabos

188 3849 409 3917 remittasl“
436 3866 477 3916 eo
502 3848 663 3916 nimirum
687 3849 840 3924 consilio,
866 3865 908 3915 ne
932 3848 1028 3915 iteret
1051 3863 1182 3924 versus,
1207 3863 1284 3912 cum
1309 3843 1430 3911 librum
1456 3844 1523 3908 iarn

188 3957 367 4024 iteraverit.

297 4507 320 4579 ¹)
340 4507 437 4565 Friedl.
455 4507 531 4566 s.-0.
552 4507 579 4565 1⁵
597 4525 659 4580 pag.
679 4511 739 4564 346.

298 4599 321 4669 ²)
340 4598 374 4655 cl.
394 4599 460 4655 lior.
480 4599 516 4656 A.
534 4615 560 4669 p.
580 4604 622 4654 22.
660 4598 766 4667 Marqu.
786 4596 830 4652 Pr.
849 4597 878 4651 L.
899 4598 961 4660 obl,
981 4599 1006 4649 2.

298 4689 321 4759 3)
340 4689 374 4745 cl.
394 4688 511 4754 Ellendt,
530 4690 588 4744 Lat
609 4687 730 4744 Gramm.
768 4687 784 4756 ᾗ
803 4691 839 4742 34
858 4686 920 4741 adn.
941 4690 966 4740 ³.

299 4776 322 4844 ⁴)
342 4778 374 4835 cl.
395 4778 431 4835 lv
450 4777 533 4849 prael.
555 4783 597 4835 29.
