3530 5242
792 389 1014 450 ..57-

438 576 809 678 hendecasyllabi
838 583 894 659 ad
925 539 1124 658 Plotium
1154 578 1370 673 Grypum.

851 722 899 790 lv
921 724 957 790 9.

594 843 652 914 Est
675 863 759 914 sane
784 847 879 915 iocus
903 847 976 924 iste,
1001 847 1091 934 quod
1116 845 1266 914 libellum

540 952 661 1022 misisti
685 954 779 1030 mihi,
804 950 929 1040 Grype,
954 972 1015 1040 pro
1039 953 1163 1023 libello.

540 1058 714 1128 Urbanum
737 1064 853 1130 tamen
879 1062 944 1130 hoc
968 1064 1077 1148 potest
1100 1061 1218 1138 videri,

433 1163 440 1176 '
540 1167 568 1234 si
593 1170 669 1253 post
692 1168 758 1237 hoc
781 1169 907 1255 aliquid
933 1169 1015 1237 mihi
1040 1170 1205 1245 remittas:

540 1293 619 1340 nam
645 1275 673 1343 si
697 1276 825 1353 ludere,
849 1273 973 1362 Grype,
998 1293 1209 1362 perseveras,

540 1400 609 1451 non
634 1381 766 1467 ludis¹).
792 1382 868 1451 licet
891 1400 969 1451 ecce
993 1386 1246 1469 computemus!

541 1489 665 1559 Noster
689 1508 881 1576 purpureus
905 1509 1085 1578 novusque
1108 1491 1224 1559 charta

540 1601 572 1664 et
595 1596 684 1666 binis
707 1598 886 1667 decoratus
911 1597 1090 1676 umbilicis,

539 1707 671 1790 praeter
695 1723 749 1772 me
773 1705 856 1773 mihi
881 1705 1027 1774 constitit
1050 1702 1250 1790 decussis²lz

540 1815 575 1880 tu
601 1829 719 1880 rosum
744 1811 844 1881 tineis
868 1813 1003 1900 situque
1027 1816 1171 1900 putrem,

542 1919 661 2005 quales
685 1922 743 1988 aut
766 1919 900 2005 Libycis
924 1921 1062 1989 madent
1086 1920 1185 1989 olivis

541 2029 597 2095 aut
620 2030 676 2095 tus
701 2025 871 2097 Niliacum
896 2028 1033 2114 piperve
1057 2029 1195 2097 servant

541 2137 598 2202 aut
622 2133 845 2220 Byzantiacos
868 2136 982 2205 colunt
1005 2136 1165 2212 lacertos;

423 2327 425 2333 Ι
541 2260 603 2309 nec
627 2242 747 2310 saltem
772 2245 831 2310 tua
854 2243 942 2311 dicta
967 2243 1206 2320 continentem,

540 2366 628 2435 quae
651 2349 740 2418 trino
765 2349 898 2417 iuvenis
920 2348 996 2418 foro
1019 2347 1207 2434 tonabastl,

540 2460 597 2523 aut
620 2460 755 2524 centum
780 2475 886 2543 prope
910 2457 1049 2533 iudices,
1074 2456 1273 2543 priusquam

540 2566 573 2631 te
599 2561 825 2632 Germanicus
849 2564 1012 2633 arbitrum
1039 2563 1192 2652 sequenti

543 2689 701 2740 annonae
725 2671 816 2740 dedit
840 2672 1066 2758 omniumque
1090 2672 1155 2740 late

540 2776 699 2863 praefecit
723 2777 926 2848 stationibus
950 2778 1100 2855 viarum;

541 2886 601 2953 sed
628 2884 720 2953 Bruti
746 2883 869 2972 senis⁴l
895 2886 1145 2970 oscitationes⁶J

540 2993 581 3059 de
605 3010 710 3078 capsa
733 2993 848 3061 miseri
873 2993 1064 3070 libellionis,

540 3103 692 3186 emptum
718 3101 795 3185 plus
821 3101 935 3169 minus
953 3118 1037 3168 asse
1061 3097 1239 3185 Gaianot‘),

542 3207 664 3282 donas,
688 3225 797 3294 usque
821 3209 953 3277 adeone
978 3207 1156 3276 defuerunt

541 3315 651 3383 caesis
674 3315 775 3401 pillea
798 3314 906 3401 suta⁷)
932 3315 973 3382 de
997 3315 1142 3383 lacernis

540 3422 594 3489 vel
619 3423 780 3490 mantelia
802 3422 976 3490 luridaeve
1000 3440 1156 3508 mappae,

543 3525 688 3598 Chartae
713 3528 949 3596 Thebaicaeve
973 3526 1180 3597 Caricaever

543 3653 714 3723 nusquam
738 3635 872 3704 turbine
895 3636 1053 3705 conditus
1077 3635 1185 3704 ruenti

543 3761 730 3828 prunorum
754 3742 881 3830 globus
905 3747 1006 3830 atque
1030 3746 1269 3813 cottanorum?

543 3868 611 3918 non
636 3851 804 3937 ellychnia
826 3850 926 3928 sicca,
951 3869 1020 3919 non
1045 3851 1201 3936 replictae

238 3979 507 3991 .--------α

349 4069 370 4136 ¹)
390 4081 445 4122 non
465 4067 545 4130 ludis,
564 4067 613 4122 sed
632 4065 745 4135 decipis.

348 4159 371 4227 ²)
390 4157 424 4213 cl.
444 4155 527 4212 Gron.
549 4151 669 4226 De'pec.
690 4155 744 4210 vet
765 4155 817 4210 18.

348 4249 371 4316 ⁸)
391 4247 424 4303 ci.
444 4247 462 4301 lt
481 4251 506 4310 7,
526 4247 568 4301 66.
606 4245 686 4300 Mart.
706 4243 797 4317 Epigr.
818 4244 845 4300 lll
864 4249 907 4309 38,
928 4249 951 4299 2.

347 4335 370 4400 ⁴)
389 4337 508 4400 „senis“,
527 4335 591 4403 quia
610 4334 711 4389 Brutus
729 4333 870 4390 Ciceronis
890 4335 949 4390 erat
967 4333 1099 4402 aequalis.
1138 4331 1170 4388 ct.
1190 4332 1198 4386 l
1222 4337 1243 4396 l,
1266 4336 1323 4386 102.

347 4423 371 4495 ⁵)
390 4425 423 4481 cl.
442 4425 521 4480 biart.
542 4424 633 4495 Epigr.
653 4423 714 4487 116,
734 4427 759 4478 3.
789 4421 845 4479 Cic.
865 4421 933 4478 Dial.
954 4422 988 4479 de
1008 4435 1048 4478 or.
1067 4421 1134 4479 xxl.
1168 4420 1260 4491 Quint
1281 4421 1344 4476 lnsb
1364 4436 1403 4476 or.
1423 4421 1448 4474 X
1470 4424 1492 4485 l,
1515 4424 1578 4484 1233

242 4517 281 4570 Xt·
294 4521 318 4580 3,
338 4520 362 4571 3.

349 4603 372 4672 6)
392 4604 425 4661 ci.
444 4603 543 4659 Volim.
564 4618 662 4660 comm.
682 4617 744 4673 pag.
765 4606 826 4670 49³,
845 4607 889 4657 22.
926 4600 1024 4666 Smith,
1048 4600 1118 4657 Dict.
1132 4600 1161 4656 ot
1179 4599 1272 4656 Greek
1291 4599 1345 4654 and
1364 4597 1471 4654 Roman
1491 4599 1578 4669 biogr.

242 4694 298 4751 and
316 4694 429 4764 mythol.
449 4693 458 4748 l
476 4708 539 4764 pag.
555 4695 616 4748 565.
1174 4769 1185 4780 ,

251 4849 253 4854 ,
349 4781 371 4853 7)
391 4784 436 4842 vel
454 4785 580 4848 „secta“:
598 4783 641 4839 die
662 4797 724 4837 man
744 4780 888 4838 schneidet
907 4796 957 4837 aus
976 4781 1147 4851 schleissgen
1168 4779 1356 4836 Uberwiirten.
