3530 5242
784 315 1005 380 ...62-

234 512 238 518 '
334 524 366 573 ν.
396 512 449 582 lim
489 503 567 573 Non
601 504 705 591 liquet
738 504 831 581 mihi,
866 479 936 592 qua
969 506 1011 574 de
1049 519 1154 574 causa
1192 505 1400 574 Matritensis
1434 505 1560 574 codicis

229 611 410 698 ,heus“¹)
448 612 480 696 (i.
512 632 568 699 qu.
599 612 689 696 ecce)
725 609 898 679 sublatum
928 612 980 689 sit,
1010 611 1209 697 praesertim
1239 629 1317 680 cum
1340 611 1495 681 breviore
1518 629 1561 680 ea

226 718 468 798 interiectione,
497 736 584 808 quae
614 720 685 787 toto
717 717 822 786 animi
852 716 973 786 allecto
1009 716 1173 796 lirmatur,
1202 735 1323 788 cursus
1358 718 1560 787 narrationis

227 827 319 895 haud
342 825 440 900 iacile
462 825 640 913 frangatur
663 828 721 894 aut
744 825 956 909 impediatur.
1004 824 1185 894 insomniis
1202 824 1344 894 obrutus
1367 828 1468 910 poeta
1490 843 1560 894 non

226 933 301 1004 sine
325 951 454 1022 magno
479 934 595 1002 dolore
619 933 801 1001 exclamat:
1016 997 1018 1004 ,

224 1107 227 1118 ,
284 1025 287 1030 ’
336 1041 407 1118 ,At
435 1057 538 1108 nunc
566 1040 666 1108 heus
697 1039 846 1127 aliquis
875 1039 1000 1125 longa
1027 1038 1100 1108 sub
1129 1042 1245 1108 nocte
1274 1039 1433 1125 puellae

332 1147 522 1216 bracchia
551 1164 654 1215 nexa
681 1149 824 1214 tenens
852 1147 957 1215 ultro
984 1147 1036 1224 te,
1061 1143 1222 1224 Somne,
1247 1147 1424 1233 repellit:

333 1255 425 1322 inde
453 1254 580 1322 venil“

784 1663 1001 1745 Somnus.

848 1805 880 1872 V
902 1807 937 1871 4.

449 1927 599 1998 Crimine
623 1947 691 2016 quo
716 1929 834 2005 merui,
860 1929 992 1996 iuvenis
1017 1929 1245 2015 placidissime
1270 1928 1397 2005 divum,

304 2035 306 2042 “
384 2054 496 2123 quove
519 2054 632 2105 errore
657 2034 770 2112 miser,
794 2036 894 2104 donis
919 2039 955 2103 ut
977 2036 1072 2104 solus
1096 2054 1245 2124 egerem,

385 2141 524 2221 Somne,
549 2144 639 2212 tuis?
663 2145 750 2211 tacet
769 2160 871 2211 omne
896 2160 999 2228 pecus
1022 2144 1246 2231 volucresque
1269 2142 1428 2230 feraeque

385 2254 417 2317 et
440 2250 602 2319 simulant
623 2247 736 2317 fessos
760 2251 899 2317 curvata
921 2250 1100 2317 cacumina
1122 2268 1275 2328 somnos,

384 2376 447 2425 nec
470 2353 620 2425 trucibus
642 2356 757 2424 iluviis
781 2356 871 2423 idem
897 2374 1018 2434 sonus:
1043 2358 1164 2426 occidit
1187 2359 1308 2426 horror

385 2463 554 2551 aequoris,
579 2465 611 2531 et
633 2462 731 2532 terris
755 2463 862 2531 maria
879 2463 1055 2533 adclinata
1078 2464 1293 2552 quiescunt.¹)

385 2568 538 2657 Septima
562 2570 629 2639 iam
654 2570 790 2638 rediens
815 2569 951 2639 Phoebe
976 2571 1057 2638 mihi
1084 2571 1218 2658 respicit
1241 2588 1365 2658 aegras

384 2681 474 2747 stare
497 2695 622 2765 genas;
646 2676 785 2746 totidem
811 2675 962 2746 Oetaeae
990 2677 1207 2766 Paphiaeque
1232 2679 1382 2748 revisunt

384 2785 562 2871 lampades
585 2787 617 2853 et
639 2784 763 2853 totiens
787 2786 924 2852 nostros
946 2783 1105 2855 Tithonia
1128 2789 1268 2873 questus

384 2892 541 2977 praeterit
564 2893 596 2959 et
618 2890 735 2978 gelido
759 2893 890 2980 spargit
914 2894 1075 2962 miserata
1096 2892 1254 2981 flagello,

385 2999 481 3069 Unde
505 3018 572 3087 ego
595 2998 819 3087 sufficiam?⁸)
844 3019 913 3070 non
937 3001 966 3071 si
990 3002 1072 3071 mihi
1097 3001 1228 3088 lumina
1250 2999 1352 3077 mille,

384 3125 472 3196 quae
495 3125 592 3176 sacer
615 3108 745 3176 alterna
768 3111 899 3178 tantum
923 3110 1068 3178 statione
1091 3107 1226 3177 tenebat

384 3214 500 3303 Argus
524 3219 556 3283 et
580 3216 671 3282 haud
696 3233 846 3303 unquam
869 3215 1034 3303 vigilabat
1056 3233 1198 3302 corpore
1221 3217 1301 3284 toto.

385 3322 428 3388 At
451 3340 542 3389 nunc
565 3323 651 3390 heus
675 3324 799 3410 aliquis
823 3324 930 3410 longa
953 3322 1017 3391 sub
1041 3325 1139 3392 nocte
1163 3321 1295 3408 puellae

385 3427 543 3496 bracchia
566 3447 655 3498 nexa
677 3432 797 3499 tenens
821 3430 908 3499 ultro
931 3433 974 3508 te,
1001 3427 1141 3509 Somne,
1166 3429 1307 3516 repellit:

385 3535 462 3603 inde
486 3536 574 3613 veni,
599 3553 661 3604 nec
683 3540 716 3604 te
738 3538 828 3606 totas
851 3535 1028 3606 inlundere
1052 3536 1213 3622 pennas⁴l

385 3641 570 3711 luminibus
594 3643 761 3729 compello
785 3644 871 3712 meis
896 3644 974 3728 (hoc
995 3643 1095 3712 turba
1118 3646 1271 3729 precetur
1342 3659 1345 3666 ’
1416 3725 1419 3732 Ι

384 3748 514 3834 laetior)
539 3789 582 3797 -
607 3751 759 3819 extremo
784 3769 840 3819 me
862 3753 966 3838 tange
990 3751 1169 3819 cacumine
1191 3750 1320 3836 virgae,
1452 3803 1455 3808 .

383 3854 532 3942 (suflicit)
557 3859 614 3925 aut
637 3856 754 3925 leviter
777 3874 945 3943 suspenso
970 3857 1095 3944 poplite
1116 3856 1236 3926 transi!

330 4427 352 4494 ¹)
371 4424 405 4481 cl.
425 4423 568 4482 llor.Sab
587 4425 641 4490 13,
660 4430 704 4483 21.

330 4512 559 4583 human

236 4643 240 4652 ·
330 4602 557 4671 ⁸)cl.l4,130.

243 4725 246 4731 -
328 4690 352 4761 ⁴)
372 4692 406 4750 cl.
425 4691 681 4761 menbrum.
780 4695 785 4714 ⁸
