3530 5242
778 341 1000 402 ..48-

596 531 661 608 hd
693 532 872 609 Vibium
902 527 1192 615 Maximum).

837 673 883 741 lV
908 677 942 740 7.

355 815 383 866 se
406 817 437 865 v.
460 805 470 864 l
493 816 580 884 sqq.:
609 798 812 876 ,sociata“
840 798 960 883 (mihi).
1011 797 1169 875 ,Fortis
1192 799 1385 866 heroina“
1411 839 1455 848 —
1476 820 1559 870 nam

224 905 273 972 sic
296 903 407 972 scribo
431 944 474 952 —-
498 923 585 991 quae
609 904 696 991 regit
718 905 874 990 tempora
896 901 1052 989 rerum²)‚
1077 904 1178 973 Erato
1203 905 1277 991 (pro
1300 906 1413 985 Musa,
1431 908 1491 975 sed
1516 926 1562 976 eo

225 1011 430 1088 discrimine,
471 1013 505 1077 ut
543 1013 793 1096 peropportune
832 1011 930 1078 cadat
970 1009 1121 1096 Papinio,
1169 1013 1248 1098 quia
1286 1013 1558 1102 genethliacon³)

226 1121 385 1204 pacturus
409 1121 471 1203 est)
497 1121 617 1203 poetae
644 1117 729 1196 ,diu
760 1118 935 1186 sociata“
962 1118 1030 1186 lato
1055 1117 1250 1187 Thebaidos
1275 1136 1396 1205 campo
1421 1120 1562 1192 labores

221 1224 360 1293 differre
388 1225 521 1293 iubetur
549 1228 649 1311 atque
677 1224 801 1311 ingens
829 1243 916 1310 opus
945 1225 977 1308 (i.
1009 1244 1036 1293 e.
1068 1228 1164 1311 epos)
1201 1225 1352 1294 minores
1387 1227 1421 1294 in
1451 1245 1560 1315 gyros

226 1333 440 1400 contrahere:
464 1332 656 1400 Maximum
681 1331 850 1399 salutandi
875 1349 981 1400 causa
1003 1331 1138 1401 fidibus.

334 1438 484 1507 Roehrer
500 1441 532 1506 et
544 1437 744 1507 Wernsdori
759 1437 899 1516 „fortis
917 1440 1078 1507 herois“
1096 1440 1179 1524 (scil.
1194 1439 1346 1524 Achillis)
1360 1443 1560 1528 genetivum

228 1549 355 1631 putant,
392 1546 482 1631 quod
518 1563 595 1613 cum
631 1544 765 1632 legibus
801 1545 948 1613 metricis
983 1548 1115 1613 vetatur
1150 1545 1340 1631 (Vollmer),
1379 1550 1451 1615 tum
1487 1550 1563 1616 im-

229 1655 432 1739 pugnatur
471 1654 694 1737 temporum
736 1652 1061 1730 condicionibus;
1101 1653 1250 1721 Achilles
1285 1655 1375 1721 enim
1418 1657 1562 1740 primis

229 1760 366 1827 haeret
395 1761 513 1828 metis
541 1762 585 1844 (v.
612 1766 654 1827 24
678 1763 753 1845 sq.).

361 1955 389 2006 se
423 1958 453 2006 v.
485 1945 527 2005 35
562 1956 628 2024 sq.:
679 1937 798 2005 Exsilit
836 1938 963 2015 lumen,
1004 1938 1031 2005 si
1071 1937 1217 2023 lapidem
1259 1939 1421 2024 percutiat
1460 1939 1563 2027 lapis;

229 2045 467 2132 neglegentiae
500 2045 602 2129 igitur
630 2044 765 2129 culpam
796 2044 917 2130 quovis
947 2043 1071 2122 deiero,
1101 2045 1128 2113 si
1158 2045 1356 2131 interpretor
1387 2047 1563 2132 ,optimo

229 2170 401 2239 poscens
447 2152 586 2236 (pudet
625 2152 738 2237 heul)
779 2151 1006 2236 propinquo
1045 2149 1166 2219 funus
1209 2153 1362 2220 amici.“
1434 2152 1563 2223 Crebro

229 2260 387 2328 homines
424 2259 478 2326 vel
518 2257 669 2343 optimo
716 2258 946 2344 propinquo
994 2261 1137 2342 poscunt
1183 2258 1410 2337 orbitatem,
1458 2278 1562 2346 quam

229 2367 375 2435 inimicis
399 2367 466 2432 iam
492 2365 622 2451 pridem
647 2382 802 2450 pressere
825 2365 923 2442 votis,
955 2365 1015 2432 sed
1047 2365 1166 2432 amici
1195 2365 1329 2443 funus,
1360 2368 1395 2433 ut
1418 2385 1460 2433 ex
1485 2385 1582 2450 asse,

229 2474 373 2542 heredes
408 2473 545 2558 possint
574 2474 745 2540 exsistere.
794 2469 867 2539 Stat
902 2473 992 2539 enim
1022 2473 1126 2541 domo
1162 2476 1260 2558 capta
1287 2473 1431 2559 cupidus
1463 2475 1565 2542 heres

231 2583 405 2668 superstes
429 2581 612 2648 imminens
637 2579 691 2647 leti
717 2579 865 2664 spoliis)
891 2580 923 2646 et
944 2579 1055 2664 ipsum
1078 2581 1194 2664 ignem
1212 2579 1400 2665 (impensas
1421 2580 1562 2667 funeris)

230 2691 412 2775 computat.
476 2687 553 2754 Non
594 2687 863 2772 propinquum
900 2686 1042 2770 proinde
1081 2685 1184 2754 funus
1224 2686 1372 2770 poscitur
1412 2687 1565 2770 optimo

231 2797 374 2873 amico,
412 2799 446 2863 ut
489 2795 594 2880 vulgo
634 2794 765 2878 putant,
809 2793 869 2861 sed
907 2791 1010 2860 funus
1049 2793 1189 2860 omnino
1229 2793 1380 2876 optimo
1421 2793 1565 2880 cuique

232 2903 370 2980 amico,
395 2901 553 2990 quamvis
578 2901 694 2985 (pudet
718 2900 814 2984 heul)
839 2900 1088 2986 propinquus
1112 2901 1154 2968 sit
1178 2898 1348 2968 affinitate.

337 3009 491 3078 Aviditas
515 3008 668 3093 maligna
691 3024 805 3074 nonne
829 3007 962 3092 penitus
993 3007 1038 3075 ita
1067 3007 1331 3094 recognoscitur,
1361 3011 1397 3075 ut
1428 3025 1566 3075 cernere

233 3120 264 3185 et
300 3134 407 3203 paene
434 3119 576 3202 tangere
603 3114 774 3182 videaris?
826 3113 905 3199 Quo
939 3115 1011 3181 toto
1041 3117 1073 3181 et
1102 3121 1144 3181 33
1173 3132 1275 3182 versu
1313 3133 1420 3201 usque
1449 3115 1492 3181 ad
1520 3121 1566 3182 40

233 3224 405 3292 enuntiato
421 3219 549 3290 Statius
573 3221 725 3306 paullum
747 3238 768 3286 a
792 3221 966 3305 proposito
991 3221 1168 3306 digressus
1189 3239 1226 3289 se
1251 3220 1363 3305 ipsum
1386 3220 1565 3289 orbitatem

232 3331 352 3418 lugere
376 3329 534 3416 nequisse
559 3327 677 3396 leviter
699 3326 950 3414 significaverit,
977 3345 1020 3393 an
1047 3328 1247 3405 „amic0s“
1276 3324 1428 3412 (Vollm.)
1452 3328 1517 3405 vel,
1535 3327 1564 3394 si

234 3439 268 3505 in
296 3436 424 3506 Aliredi
464 3436 560 3504 Klotz
595 3453 650 3502 me
686 3435 821 3505 insinuo
857 3435 1069 3512 sententiam,
1108 3436 1334 3512 ,amicum“
1373 3433 1566 3502 Maximum

237 3545 422 3630 appellarit,
448 3543 587 3611 haesito.
867 3534 869 3538 ’

177 3821 179 3824 Ι
340 3739 425 3790 sev.
451 3725 508 3790 46:
547 3738 672 3826 ,quos
697 3719 743 3785 ad
768 3717 891 3798 Eoum
915 3719 1068 3786 tuleras
1092 3716 1323 3787 Orontem“.
1371 3718 1568 3786 Exharena

233 3829 325 3898 funis
348 3827 434 3896 eiiici
459 3846 527 3896 non
552 3829 670 3913 potest,
688 3843 776 3912 quae
798 3829 914 3893 tamen
939 3824 1151 3912 aliquantum
1175 3827 1369 3911 congruunt
1393 3844 1471 3893 cum
1495 3825 1565 3892 veri

234 3936 453 4005 similitudine
477 3935 530 4002 vel
556 3951 614 4019 per
638 3950 675 4000 se
692 3935 771 4000 sunt
794 3932 952 4022 patentia,
971 3939 1061 4019 nego
1086 3932 1280 4000 omittenda.
1329 3931 1444 4000 Potest
1465 3932 1570 4018 igitur

341 4186 364 4258 1)
383 4187 416 4243 ei.
437 4185 543 4249 Friedl,
562 4183 599 4240 M.
613 4182 672 4238 Val.
692 4182 772 4237 Mart.
792 4181 883 4252 Epigr.
896 4183 921 4247 l.,
942 4183 1004 4237 adn.
1024 4182 1059 4238 ad
1078 4181 1111 4237 Xl
1133 4184 1183 4237 106
1201 4181 1274 4250 (Vibi
1293 4182 1422 4246 Maxime,
1441 4181 1464 4236 si
1484 4195 1570 4236 vacas

234 4277 361 4344 havere):
383 4275 539 4341 ,Derselbe
558 4288 592 4329 an
612 4274 665 4328 den
684 4269 751 4327 Stat.
772 4269 839 4327 Silv.
852 4269 914 4325 lV7
934 4272 1068 4342 gerichtet
1086 4271 1129 4338 ist,
1148 4272 1185 4326 im
1203 4271 1287 4327 Jahre
1307 4275 1341 4327 9³
1359 4270 1444 4342 praei.
1465 4273 1526 4325 coh.
1540 4269 1567 4324 lll

234 4365 396 4437 Alpinorum
415 4365 442 4420 in
462 4363 625 4426 Dalmatien,
644 4363 680 4416 im
699 4361 783 4416 Jahre
805 4365 855 4415 104
873 4359 984 4415 Prdiekt
1002 4375 1057 4416 von
1078 4348 1216 4432 hgypten.
1253 4358 1282 4416 S.
1303 4359 1336 4416 (i.
1356 4359 1383 4414 lll
1402 4364 1463 4414 457.
1501 4358 1570 4415 Ver·

236 4454 347 4510 mutlich
366 4454 520 4511 belrleidete
539 4453 623 4507 erim
642 4449 725 4505 Jahre
745 4451 780 4507 96
799 4449 861 4503 eine
880 4447 1062 4505 Prokuration
1082 4449 1109 4505 in
1128 4449 1223 4504 Rom.“

341 4545 363 4614 ²)
383 4543 416 4600 ci.
436 4543 510 4614 virg.
529 4541 600 4598 Aen.
620 4539 663 4596 Vll
681 4543 714 4593 37
735 4550 796 4606 sqq.

341 4631 365 4702 ³)
384 4633 416 4688 ci.
437 4634 447 4688 l
466 4638 490 4698 2,
510 4636 553 4689 49.

343 4721 366 4792 ⁴)
386 4721 419 4796 ci.
437 4721 523 4776 Theb.
542 4718 577 4774 lV
599 4722 649 4775 194
666 4734 706 4789 sq.
