3530 5242
733 379 956 442 -582-

481 561 849 648 Bulborumtunicae?
874 585 937 642 nec
960 585 1026 636 ova
1048 569 1180 644 tantum
1226 641 1227 646 ,
1285 607 1287 610 -

479 688 541 739 nec
564 671 659 741 lenes
684 674 815 743 halicae
838 692 901 742 nec
925 692 1085 760 asperum
1109 672 1184 740 lar?

479 796 649 864 nusquam
675 777 851 873 Cinyphiis
874 783 1001 867 vagata
1025 780 1155 866 campis

478 871 660 954 curvarum
685 885 810 957 domus
833 889 902 956 uda
926 881 1142 957 coclearum?

479 1010 547 1061 non
572 993 705 1061 lardum
729 1013 837 1081 grave
863 994 1026 1063 debilisve
1049 987 1205 1080 perna?¹

478 1118 546 1169 non
572 1099 781 1198 Lucanicah,
806 1119 875 1170 non
898 1119 1027 1188 graves
1052 1099 1240 1192 phariseo,

480 1224 549 1274 non
574 1208 624 1275 sal
649 1226 885 1294 oxyporumve
910 1226 1085 1286 caseusve‚
1142 1278 1145 1285 ,

478 1318 535 1381 aul
559 1322 665 1400 panes
690 1315 863 1385 nitidantis
888 1316 1084 1402 aphronitri,

478 1421 531 1487 vel
557 1435 698 1506 passum
723 1423 856 1508 psithiis
880 1423 952 1491 suis
978 1426 1159 1499 recoctum,

477 1528 565 1595 dulci
591 1527 722 1598 defruta
746 1531 798 1597 vel
823 1531 935 1599 lutosa
958 1536 1090 1599 caeno?

479 1634 654 1721 Quantum
680 1655 742 1705 nec
767 1637 848 1705 dare
871 1655 990 1707 cereos
1013 1639 1154 1714 olentes,
1234 1625 1235 1628 '

479 1743 649 1810 cultellum
674 1747 837 1812 tenuesve
861 1744 1048 1814 codicillos!

478 1850 612 1928 ollares,
638 1869 734 1937 rogo,
758 1868 827 1919 non
850 1851 972 1919 licebat
995 1870 1092 1929 uvas,

477 1955 636 2026 Cumano
661 1960 795 2043 patinas
819 1960 853 2025 in
878 1959 960 2027 orbe
984 1962 1092 2030 tortas

479 2068 539 2132 aut
563 2047 666 2132 imam
687 2063 773 2133 ¹dare
797 2067 973 2153 synthesin
999 2067 1092 2154 (quid
1117 2068 1275 2152 horresil

479 2211 519 2220 -
547 2172 702 2242 alborum
727 2175 869 2241 calicum
896 2177 996 2261 atque
1020 2173 1269 2242 caccaborum?

478 2279 538 2347 sed
563 2283 655 2347 certa
677 2282 770 2349 velut
793 2299 925 2368 aequus
949 2281 983 2349 in
1008 2283 1133 2350 statera

479 2386 524 2453 nil
550 2390 673 2465 mutas,
698 2389 758 2456 sed
784 2389 873 2456 idem
900 2389 982 2455 mihi
1007 2388 1173 2475 rependis.

482 2491 574 2578 Quid
598 2495 638 2572 si,
662 2512 740 2563 curn
764 2495 851 2563 bene
876 2514 976 2563 mane
1000 2496 1213 2564 semicrudus

478 2601 616 2668 inlatam
642 2600 700 2668 libi
725 2603 843 2670 dixero
868 2601 1025 2681 salutern}

480 2710 512 2774 et
535 2709 570 2774 lu
596 2726 650 2775 me
674 2708 805 2777 vicibus
830 2709 921 2777 domi
946 2707 1100 2778 salutes?

480 2819 538 2882 aut
561 2833 638 2883 cum
665 2832 719 2882 me
743 2815 830 2900 dape
855 2817 980 2885 iuveris
1004 2811 1149 2902 opima,v

479 2924 656 3007 exspectes
679 2922 808 2990 similes
832 2927 864 2991 et
888 2926 960 3010 ipse
982 2931 1110 2993 cenas?

481 3031 609 3100 irascor
632 3031 701 3109 libi,
727 3030 851 3118 Grype.
878 3032 938 3099 sed
962 3031 1107 3109 valebis;

478 3140 610 3205 tantum
636 3157 691 3206 me
715 3139 809 3216 mihi,
835 3139 927 3226 quod
951 3141 1044 3208 soles
1067 3139 1185 3223 lepori,

481 3249 513 3312 el
537 3263 627 3312 nunc
652 3246 957 3332 hendecasyllabos
980 3247 1147 3314 remittas!

476 3674 703 3751 Elisilbler
730 3696 790 3751 an
819 3675 992 3752 Plotius
1022 3675 1212 3773 Grypus.

438 3811 558 3882 Sicher
581 3816 624 3883 ist
647 3834 685 3884 es
709 3817 763 3883 ein
787 3812 923 3893 Schera
948 3834 969 3883 o
994 3813 1142 3902 Grypus,
1167 3817 1248 3884 dass
1274 3816 1318 3882 du

335 3921 389 3988 hir
412 3922 466 3989 ein
492 3919 655 3990 Biichlein
680 3924 734 3990 ein
759 3922 922 3990 Biichlein
947 3923 1011 3990 mir
1034 3924 1180 4010 gesandl
1204 3925 1290 3991 basi.

339 4025 551 4098 Gleichwohl
576 4028 685 4097 dimite
709 4030 760 4098 als
782 4029 889 4097 ieiner
914 4028 990 4117 Zug
1013 4048 1051 4098 es
1073 4031 1199 4117 gelten

337 4136 482 4204 wolltest
506 4138 551 4204 du
577 4137 641 4205 mir
665 4139 812 4205 hernach
838 4137 892 4205 ein
917 4121 1026 4206 Ubres
1051 4139 1226 4214 schichen;

338 4244 428 4312 denn
453 4244 568 4314 solem
593 4245 637 4314 du
662 4265 703 4314 zu
728 4244 865 4315 tindeln
889 4243 1073 4342 fortiihrst,
1097 4242 1245 4332 Grypus,

195 4431 199 4440 ¹
337 4350 458 4420 bleibts
482 4351 560 4421 kein
585 4351 746 4420 Tindeln.
794 4352 957 4421 Wohlan!
982 4353 1052 4420 lass
1077 4368 1141 4420 uns
1165 4345 1401 4438 vergleicnen.'

337 4457 481 4537 hiemes,
507 4477 656 4545 purpum
680 4453 814 4544 geldrbt
838 4459 906 4525 und
931 4458 1033 4527 hisch
1058 4458 1283 4545 geschrieben

285 4671 306 4739 ¹)
324 4672 357 4728 cl.
377 4673 456 4727 Mart
477 4671 568 4742 Epigr.
587 4671 640 4725 Χ111
659 4675 702 4726 35.
1503 4733 1507 4742 ῃ

283 4761 305 4827 ²)
324 4761 358 4816 ci.
373 4760 469 4824 Varro,
483 4758 524 4816 De
537 4759 601 4830 ling.
615 4760 673 4816 Lat.
687 4760 720 4815 lV
734 4767 776 4816 22.
804 4761 884 4816 Mart.
898 4760 988 4832 Epigr.
1002 4760 1037 4817 lV
1049 4763 1094 4826 46,
1106 4767 1131 4816 8.
1169 4761 1222 4819 Ον.
1237 4765 1299 4820 Am.
1313 4765 1339 4819 lli
1356 4769 1395 4829 13,
1409 4770 1440 4819 14
1453 4780 1513 4852 sqq.
