3516 5236
796 308 1019 370 „32-

397 515 561 584 spargere
584 500 620 566 tu
644 498 778 565 laticem
804 500 836 566 et
858 496 951 567 toliis
974 498 1111 566 turbare
1136 502 1324 567 memento!

397 602 493 672 Tunc
517 621 584 691 ego
606 607 707 692 teque
732 605 789 672 diu
814 605 963 674 recolam
989 605 1233 692 dominamque
1256 604 1430 693 benignae

398 710 490 780 sedis
514 713 546 779 et
570 710 700 780 inlaesa
723 710 860 780 tutabor
883 715 1063 800 utramque
1087 714 1233 790 senecta,

399 821 434 886 ut
457 817 556 897 lovis
581 821 617 886 ut
641 817 769 888 Phoebi
792 818 942 896 frondes,
966 821 1002 886 ut
1026 818 1174 887 discolor
1197 819 1318 886 umbra

354 933 357 940 “
398 926 545 1012 populus
569 928 601 994 et
625 927 760 995 nostrae
785 928 944 1011 stupeant
965 929 1025 994 tua
1048 928 1206 1013 germina
1230 928 1361 1012 pinus.“

398 1028 455 1100 Sic
478 1032 532 1100 ait.
558 1033 616 1101 illa
640 1031 692 1099 dei
717 1035 850 1100 veteres
874 1033 1025 1101 animata
1048 1034 1180 1102 calores

397 1139 559 1208 uberibus
583 1140 716 1227 stagnis
740 1139 879 1225 obliquo
904 1141 1053 1225 pendula
1075 1143 1195 1210 trunco

397 1246 541 1315 incubat
558 1249 659 1334 atque
684 1247 814 1315 umbris
839 1250 1007 1316 scrutatur
1030 1248 1225 1316 amantibus
1250 1250 1371 1316 undas.

398 1351 521 1440 Sperat
544 1358 577 1423 et
601 1355 791 1440 ampiexus,
816 1355 877 1422 sed
903 1372 1069 1441 aquarum
1095 1355 1234 1440 spiritus
1258 1362 1349 1424 arcet

398 1479 461 1529 nec
484 1463 608 1547 patitur
631 1464 754 1540 tactus;
778 1462 916 1529 tandem
942 1463 1086 1531 eluctata
1110 1461 1174 1530 sub
1198 1480 1301 1530 auras

399 1568 539 1637 libratur
561 1567 669 1636 tundo
692 1586 879 1656 rursusque
903 1569 1014 1637 enode
1038 1587 1203 1637 cacumen

400 1677 580 1763 ingeniosa
603 1677 702 1754 levat,
727 1675 831 1744 veluti
857 1676 1041 1745 descendat
1064 1677 1099 1744 in
1123 1677 1211 1746 imos

399 1785 502 1870 stirpe
526 1783 622 1853 lacus
646 1785 721 1852 alia.
748 1785 816 1851 ianr
841 1801 905 1851 nee
928 1782 1102 1853 Phoebeia
1127 1784 1211 1852 Nais

400 1891 470 1959 odit
494 1894 526 1959 et
549 1891 709 1960 exclusos
732 1891 851 1960 invitat
874 1893 1010 1979 gurgite
1034 1909 1160 1960 ramos.

400 1998 495 2067 Haec
516 1997 575 2067 tibi
601 2015 708 2083 parva
732 1999 869 2084 quidem
894 1998 1034 2086 genitali
1059 1999 1133 2067 luce
1157 1999 1320 2084 paramus

400 2105 501 2184 dona,
526 2106 587 2174 sed
612 2105 739 2192 ingenti
764 2104 880 2174 forsan
904 2104 1066 2190 victura1)
1091 2106 1155 2174 sub
1180 2125 1275 2174 aevo.

400 2211 461 2290 Tu,
487 2213 584 2280 cuius
608 2212 740 2298 placido
766 2230 913 2297 posuere
936 2213 971 2279 in
994 2216 1129 2299 pectore
1154 2213 1270 2280 sedern

399 2319 547 2388 blandus
570 2319 713 2405 hon0s2)
740 2319 925 2405 hilarisque
948 2322 1064 2387 tamen
1088 2338 1165 2387 cunr
1191 2320 1341 2406 pondere
1365 2317 1518 2406 virtusii,

400 2426 453 2494 cui
477 2445 541 2494 nec
564 2427 662 2514 pigra
687 2423 814 2512 quies4)
840 2444 903 2494 nec
925 2427 1042 2512 iniqua
1066 2427 1215 2511 potentia
1239 2444 1303 2494 nec
1326 2443 1406 2511 spes
1516 2423 1520 2432 ’

401 2533 566 2619 improba,
591 2533 653 2601 sed
677 2534 811 2600 medius
836 2551 896 2619 per
920 2535 1065 2602 honesta
1090 2535 1122 2600 et
1146 2534 1257 2601 dulcia
1281 2533 1392 2610 limes,

400 2641 592 2726 incorrupte
614 2639 719 2708 iidem
744 2640 923 2726 nullosque
947 2643 1084 2725 experte
1108 2641 1274 2708 tumultus

401 2752 433 2815 et
457 2749 584 2816 secrete
609 2747 732 2832 palam,
758 2747 848 2832 quod
874 2746 1001 2834 digeris
1025 2747 1144 2815 ordine
1168 2746 1283 2825 vitam,

401 2855 490 2923 idem
516 2854 589 2921 auri
613 2852 722 2922 facilis
745 2857 958 2940 contemptor
982 2856 1013 2921 et
1038 2854 1128 2922 idenr

400 2979 536 3031 comere
561 2961 695 3029 divitias
719 2958 909 3047 opibusque
933 2959 1113 3028 immittere
1136 2961 1261 3028 lucem:

402 3071 467 3136 bac
489 3068 633 3154 longum
657 3067 787 3135 florens
812 3067 916 3135 anirni
942 3085 1147 3154 morumque
1171 3068 1310 3135 iuventa

401 3175 520 3244 iliacos
545 3192 694 3262 aequare
717 3192 818 3242 senes
843 3176 875 3242 et
898 3175 1033 3242 vincere
1057 3178 1180 3260 persta,

402 3301 489 3370 quos
514 3284 608 3368 pater
631 3281 795 3367 Elysium,
819 3282 975 3368 genetrix
1000 3300 1087 3368 quos
1113 3281 1230 3350 detulit
1253 3300 1378 3349 annos:

401 3390 467 3458 hoc
490 3390 535 3456 iili
560 3389 664 3456 duras
689 3405 874 3456 exoravere
898 3387 1078 3474 sorores⁵)‚

402 3500 477 3575 hoc,
502 3515 590 3583 quae
613 3499 646 3563 te
669 3495 735 3563 sub
758 3493 877 3581 teste⁰)
901 3496 1004 3564 situm
1028 3494 1179 3584 fugitura
1200 3499 1369 3564 tacentem

402 3605 510 3672 ardua
534 3602 747 3690 magnanimi
772 3603 944 3671 revirescit
967 3604 1079 3691 gloria
1103 3602 1258 3689 Blaesio.

347 4603 371 4675 ⁰)
391 4604 424 4660 ci.
444 4602 506 4669 νδ,
526 4605 587 4658 227.

348 4691 370 4764 ⁷)
391 4693 423 4751 ci.
443 4692 462 4749 ll
484 4699 506 4758 l,
529 4698 587 4754 191,
606 4697 667 4747 201.
704 4692 785 4748 Mart.
805 4691 897 4763 Epigr.
912 4689 966 4746 Vlli
985 4695 1028 4756 ³8,
1047 4695 1064 4749 9
1083 4704 1124 4760 sq.
