3530 5242
805 323 1027 384 „45-

513 515 549 580 ut
573 508 693 579 Castor
717 511 760 578 ad
784 515 925 581 cunctos
947 512 1112 581 tremebat

623 617 807 705 Bebryciae
831 620 989 705 strepitus
1013 621 1171 688 harenae.

517 795 610 864 Tene
634 797 668 864 in
692 798 832 865 remotis
856 794 1013 885 Syrtibus
1038 798 1146 883 avia¹)

516 904 629 990 Leptis
653 904 802 973 creavit?
828 905 896 972 iam
919 902 1004 973 ieret
1028 905 1160 975 indicas

517 1028 650 1080 messes
674 1012 892 1098 odoratisque
917 1030 993 1079 rara

625 1116 823 1203 Cinnama¹)
848 1119 1028 1205 praeripiet
1051 1116 1205 1188 Sabaeis.

518 1295 605 1381 Quis
630 1314 699 1364 non
723 1296 757 1363 in
782 1297 875 1364 omni
899 1298 1024 1365 vertice
1048 1297 1181 1366 Romuli

520 1399 704 1489 reptasse³)
730 1401 895 1488 dulcem)
920 1401 1123 1489 Septimium
1147 1408 1265 1491 putet?

518 1510 595 1597 quis
617 1508 709 1578 tonte
733 1508 921 1596 intumae⁵)
947 1512 1068 1580 relictis

625 1616 786 1685 uberibus
811 1621 912 1703 neget
936 1635 1014 1686 esse
1038 1620 1197 1704 pastum?

520 1794 592 1863 Nec
616 1796 702 1864 mira
725 1796 846 1864 virtus:
872 1797 1026 1881 protinus
1049 1796 1228 1865 Ausonum

519 1907 636 1988 portus
659 1903 811 1971 vadosae
835 1905 971 1971 nescius
993 1902 1127 1971 Africae
1157 1917 1162 1927 ·

521 2010 626 2078 intras
650 2009 897 2095 adoptatusque
922 2009 1042 2078 Tuscis

627 2114 822 2202 gurgitibus
847 2135 930 2202 puer
954 2117 1122 2185 innatasti.

521 2293 609 2361 Hinc
633 2311 759 2379 parvus
783 2295 869 2362 inter
893 2295 1037 2381 pignora
1061 2294 1207 2381 curiae⁶t

521 2403 699 2469 contentus
723 2403 815 2469 artae
839 2402 967 2470 lumine
991 2420 1162 2487 purpurae

522 2509 657 2587 crescis,
681 2509 741 2576 sed
766 2509 955 2577 immensos
979 2506 1145 2594 labores⁷t

628 2615 742 2683 indole
766 2616 905 2700 patricia
929 2619 1074 2684 secutus.

523 2793 601 2862 Non
624 2811 738 2861 sermo
764 2791 910 2871 Poenus,
935 2811 1004 2861 non
1029 2793 1164 2862 habitus
1186 2792 1257 2871 tibi,

523 2902 661 2968 externa
685 2918 755 2968 non
780 2918 893 2968 mens:
919 2899 1031 2978 italus,
1056 2901 1169 2970 italus.

523 3004 609 3076 Sunt
634 3007 723 3076 Urbe
748 3006 979 3094 Romanisque
1002 3008 1134 3085 turmis,

630 3114 688 3200 qui
713 3113 852 3200 Libyam
879 3114 1020 3182 deceant
1044 3115 1187 3182 alumnii

523 3291 582 3361 Est
605 3294 638 3360 et
659 3291 815 3360 trementi
839 3310 907 3360 vox
931 3292 1047 3360 hilaris
1070 3290 1155 3370 toro,

524 3400 644 3467 venale
669 3399 729 3467 sed
754 3417 822 3466 non
847 3400 1020 3486 eloquium
1044 3398 1114 3478 tibi,

526 3505 685 3592 ensisque
709 3506 837 3592 vagina
861 3507 1017 3593 quiescit;

633 3613 800 3700 stringere
825 3631 867 3680 ne
892 3612 1029 3681 iubeant
1053 3612 1167 3681 amicit

524 3788 593 3860 Sed
618 3810 697 3859 rura
721 3791 813 3859 cordi
838 3790 977 3876 saepius
1001 3794 1033 3858 et
1057 3791 1164 3877 quies,

524 3899 672 3967 nuncin
697 3899 846 3983 paternis
870 3897 1011 3966 sedibus
1035 3901 1067 3966 et
1090 3899 1166 3966 solo

366 4078 577 4148 bmmw.

363 4165 665 4236 mmmmm.

363 4257 385 4326 ⁸)
405 4256 438 4314 ef.
458 4257 466 4311 l
486 4261 510 4320 2,
529 4257 595 4321 262;
614 4256 631 4310 li
653 4260 742 4321 1,98;
763 4260 786 4318 7,
807 4260 853 4319 37;
873 4255 908 4311 lV
920 4259 945 4320 8,
965 4259 1012 4319 29;
1032 4255 1095 4321 V5,
1114 4260 1158 4310 83.
1195 4255 1265 4311 neh.
1284 4256 1292 4310 i
1311 4257 1364 4310 476
1382 4269 1423 4324 sq.
1460 4254 1546 4312 Theb.
1559 4255 1595 4311 lV

258 4350 323 4411 794;
342 4345 376 4400 D(
394 4348 448 4402 620
466 4361 508 4416 sq.

362 4432 637 4504 &mumma

361 4521 835 4594 &mmmmnfflmmu

362 4611 655 4682 Qmwdwm

361 4699 720 4782 opvmmam
