3530 5242
732 261 955 323 ..31-

336 452 473 539 tamque
497 455 530 521 et
552 451 753 540 belligerum
778 451 847 520 lani
873 469 996 521 nemus
1020 452 1161 538 atraque
1185 449 1265 520 Caci
1274 449 1297 536 ι)

337 576 415 626 rura
439 556 702 646 Quirinalesque
724 558 810 647 iuga
833 575 1004 645 suspensa
1026 576 1086 644 per
1109 574 1214 643 agros

338 665 473 736 Coelica
495 669 583 735 tecta
606 665 710 744 subit;
735 665 779 734 ihi
804 666 943 735 demum
968 666 1056 734 victa
1081 665 1206 744 labore,

336 772 428 840 fessa
451 775 555 852 metu,
580 792 648 861 qua
671 791 762 842 nunc
785 773 908 860 placidi
933 773 1086 842 Melioris
1110 773 1214 858 aperti
1240 775 1244 782 '

337 884 427 949 stant
451 881 525 950 sine
548 879 668 949 fraude
691 881 791 958 lares,
815 880 927 950 tlavos
951 879 1087 967 collegit
1111 880 1256 950 amictus

338 988 444 1056 artius
468 991 501 1057 et
524 989 645 1057 niveae
669 989 783 1074 posuit
806 1005 844 1058 se
868 988 1025 1075 margine
1050 987 1152 1073 ripae.

339 1095 529 1184 Insequitur
552 1096 653 1165 velox
677 1113 840 1183 pecorum
865 1097 952 1164 deus
975 1099 1008 1164 et
1031 1113 1096 1163 sua
1118 1094 1223 1163 credit

338 1203 501 1282 conubia;
526 1202 656 1271 ardenti
681 1203 821 1272 iamiam
847 1203 994 1289 suspiria
1018 1201 1118 1295 librat

339 1313 483 1394 pectore,
509 1310 576 1378 iam
601 1309 750 1396 praedae
773 1308 857 1378 levis
882 1309 1046 1378 imminet.
1072 1326 1150 1378 ecce
1174 1310 1294 1377 citatos

338 1417 481 1485 advertit
504 1415 615 1486 Diana
637 1416 778 1504 gradus,
804 1415 885 1484 dum
911 1434 971 1502 per
993 1416 1077 1504 iuga
1101 1418 1230 1501 septem

339 1528 428 1591 errat
450 1523 706 1611 Aventinaeque
730 1522 814 1610 tegit
836 1523 983 1610 vestigia
1005 1539 1137 1591 oervae.

340 1629 507 1699 Poenituit
530 1631 656 1700 vidisse
681 1632 1051 1717 deamconversaque
1074 1628 1163 1698 fidas

339 1738 382 1805 ad
406 1738 564 1807 comites:
591 1738 844 1826 „Nunquamne
868 1738 978 1808 avidis
1002 1736 1124 1806 arcebo
1150 1737 1277 1823 rapinis

340 1845 404 1913 hoc
427 1847 583 1930 petulans
605 1844 813 1934 foedumque
838 1864 953 1933 pecus,
978 1863 1182 1933 semperque
1206 1843 1317 1930 pudici

340 1951 511 2022 decrescet
535 1953 618 2021 mihi
642 1953 742 2022 turba
765 1953 905 2022 chori?“
931 1954 981 2021 sic
1004 1952 1128 2022 deinde
1150 1952 1263 2021 locuta

339 2059 508 2145 depromit
531 2062 690 2148 pharetra
712 2061 818 2129 telum
843 2059 956 2138 breve,
981 2060 1074 2148 quod
1098 2076 1209 2146 neque
1232 2057 1333 2126 flexis

340 2167 500 2236 comibus
524 2170 582 2236 aut
605 2169 705 2237 solito
728 2167 895 2255 torquet‘i)
920 2167 1075 2246 stridore,
1098 2166 1160 2236 sed
1185 2183 1253 2233 una

340 2275 452 2342 emisit
476 2278 633 2344 contenta
657 2293 762 2343 manu
787 2276 922 2363 levique
946 2293 1106 2361 soporem

340 2380 470 2449 Naidos
493 2399 636 2450 aversae
659 2381 763 2450 fertur
785 2383 939 2470 tetigisse
963 2382 1097 2470 sagitta.

338 2487 398 2555 llla
422 2489 511 2556 diem
536 2489 660 2574 pariter
684 2507 831 2578 surgens
856 2491 1059 2577 hostemque
1082 2491 1276 2574 protervum

338 2595 430 2662 videt
454 2597 486 2662 et
509 2595 543 2662 in
567 2595 707 2673 iontem,
732 2596 852 2665 niveos
876 2615 919 2665 ne
944 2596 1106 2682 panderet
1130 2597 1233 2672 artus,

338 2703 388 2769 sic
410 2704 480 2769 tota
504 2718 581 2770 cum
605 2706 700 2772 veste
724 2703 789 2772 ruit
812 2704 1013 2791 stagnisque
1037 2700 1101 2771 sub
1125 2701 1202 2770 altis

341 2807 435 2876 Pana
460 2811 556 2896 sequi
580 2809 728 2878 credens
747 2810 816 2877 ima
841 2812 931 2879 latus
954 2810 1104 2896 implicat
1127 2809 1217 2895 alga.

340 2916 432 3002 Quid
455 2917 580 2985 iaceret
604 2918 716 2986 subito
740 2918 901 3004 deceptus
924 2918 1077 3003 praedo?
1102 2934 1165 2984 nec
1188 2916 1264 2983 attis

339 3025 476 3092 credere
500 3042 625 3110 corpus
649 3025 748 3112 aquis
772 3026 880 3092 hirtae
904 3023 969 3094 sibi
993 3024 1151 3093 conscius
1175 3023 1279 3090 audet

341 3132 439 3216 pellis
462 3134 494 3200 et
517 3151 538 3200 a
561 3134 678 3201 tenero
702 3131 806 3200 nandi
831 3129 970 3217 rudisfl).
995 3131 1111 3199 omnia
1135 3132 1286 3218 questus,

342 3239 506 3307 immitem
532 3239 719 3317 Bromium,
744 3241 869 3326 stagna
892 3239 1008 3307 invida
1032 3241 1064 3306 et
1087 3238 1203 3306 invida
1224 3237 1302 3314 tela,

341 3345 551 3431 primaevam
576 3347 651 3414 visu
677 3347 862 3432 platanum,
886 3346 940 3414 cui
964 3346 1071 3434 longa
1094 3362 1248 3432 propago

341 3453 608 3541 innumeraeque
632 3471 756 3522 manus
780 3455 812 3522 et
836 3454 943 3521 iturus
967 3453 1002 3520 in
1026 3454 1164 3522 aethera
1187 3453 1314 3528 vertex,

341 3558 497 3644 deposuit
521 3560 615 3629 iuxta
637 3561 820 3647 vivamque
843 3559 997 3647 adgessit
1020 3560 1183 3628 harenam

341 3667 531 3754 optatisque
554 3666 728 3754 adspergit
751 3668 850 3754 aquis
874 3669 906 3734 et
929 3666 1010 3734 talia
1033 3665 1189 3734 mandat:

344 3772 449 3850 „Vive
472 3773 529 3841 diu
554 3774 659 3842 nostri
684 3774 810 3861 pignus
835 3773 1090 3858 memorantes
1115 3773 1195 3850 voti,

342 3880 453 3958 arbor,
478 3883 510 3949 et
534 3882 619 3949 haec
642 3881 747 3949 durae
770 3879 941 3950 latebrosa
964 3879 1088 3948 cubilia
1103 3880 1276 3965 nymphae

341 3990 376 4054 tu
402 3988 522 4056 saltem
548 3988 689 4056 declinis
712 4006 806 4055 ama:
831 4005 947 4073 preme
970 3985 1148 4056 frondibus
1174 3985 1316 4054 undam!

342 4094 400 4162 llla
424 4095 560 4181 quidem
585 4095 718 4172 meruit,
742 4094 803 4163 sed
827 4112 880 4174 ne,
905 4110 1033 4180 precor,
1059 4093 1139 4181 igne
1163 4111 1312 4179 supemo

342 4203 472 4270 aestuet
495 4203 554 4270 aut
577 4202 662 4270 dura
684 4200 824 4269 feriatur
846 4201 1029 4288 grandine;
1052 4204 1184 4270 tantum

289 4381 310 4451 1)
330 4381 362 4438 ct.
382 4379 458 4450 Virg.
477 4379 547 4435 Aen.
562 4377 617 4435 vm
639 4383 697 4438 199.
734 4376 788 4436 Ov.
809 4379 883 4435 Fast.
902 4379 989 4435 1551.

288 4467 804 4540 2)11.111τς.ι1εη.11491;1115111.
842 4467 896 4525 Ov.
917 4468 959 4524 Ex
977 4467 1007 4526 P.
1026 4468 1045 4524 11
1063 4473 1087 4540 9,
1108 4474 1156 4534 57;
1175 4469 1241 4526 Met.
1260 4466 1304 4522 xh
1322 4472 1364 4526 99.

289 4561 312 4630 ⁸)
331 4559 365 4616 cf.
385 4559 490 4616 Auson.
530 4557 583 4630 Op.
602 4558 627 4612 X
649 4563 706 4614 183.

290 4647 314 4719 ⁴)
333 4650 365 4706 ct.
386 4635 395 4703 1
417 4655 439 4714 r,
457 4650 500 4705 su.
537 4648 565 4703 ht
584 4653 609 4713 s,
629 4652 673 4706 ss.
